<?xml version="1.0" encoding="UTF-8"?>
<!DOCTYPE html PUBLIC "-//W3C//DTD XHTML 1.0 Transitional//EN"
    "http://www.w3.org/TR/xhtml1/DTD/xhtml1-transitional.dtd">
<html xmlns="http://www.w3.org/1999/xhtml" xml:lang="en" lang="en">
 <head>
  <title>
</title>
<meta http-equiv="Content-Type" content="text/html;charset=utf-8" />
  <meta name='ocr-system' content='tesseract 3.04.00' />
  <meta name='ocr-capabilities' content='ocr_page ocr_carea ocr_par ocr_line ocrx_word'/>
</head>
<body>
  <div class='ocr_page' id='page_1' title='image "./pvirgiliusmaroq06barbgoog_0461.png"; bbox 0 0 2742 4596; ppageno 0'>
   <div class='ocr_carea' id='block_1_1' title="bbox 263 281 1132 409">
    <p class='ocr_par' dir='ltr' id='par_1_1' title="bbox 263 281 1132 409">
     <span class='ocr_line' id='line_1_1' title="bbox 263 281 1132 409; baseline 0.021 -33"><span class='ocrx_word' id='word_1_1' title='bbox 263 281 959 384; x_wconf 67' lang='lat' dir='ltr'>comorsustrtuusour&#39;rrrs</span> <span class='ocrx_word' id='word_1_2' title='bbox 1069 295 1132 409; x_wconf 69' lang='lat' dir='ltr'>&#39;tls</span> 
     </span>
    </p>
   </div>
   <div class='ocr_carea' id='block_1_2' title="bbox 88 431 1141 3618">
    <p class='ocr_par' dir='ltr' id='par_1_2' title="bbox 89 431 1136 700">
     <span class='ocr_line' id='line_1_2' title="bbox 89 431 1136 509; baseline 0.007 -15"><span class='ocrx_word' id='word_1_3' title='bbox 89 435 274 496; x_wconf 83' lang='lat' dir='ltr'>Burmanno</span> <span class='ocrx_word' id='word_1_4' title='bbox 291 432 440 494; x_wconf 89' lang='lat' dir='ltr'>Secundo.</span> <span class='ocrx_word' id='word_1_5' title='bbox 457 432 596 492; x_wconf 85' lang='lat' dir='ltr'>Omnino</span> <span class='ocrx_word' id='word_1_6' title='bbox 611 431 650 490; x_wconf 91' lang='lat' dir='ltr'>ad</span> <span class='ocrx_word' id='word_1_7' title='bbox 669 431 770 492; x_wconf 82' lang='lat' dir='ltr'>infimi</span> <span class='ocrx_word' id='word_1_8' title='bbox 792 435 908 497; x_wconf 86' lang='lat' dir='ltr'>ordinis</span> <span class='ocrx_word' id='word_1_9' title='bbox 921 439 1012 502; x_wconf 84' lang='lat' dir='ltr'>codd.</span> <span class='ocrx_word' id='word_1_10' title='bbox 1029 447 1136 509; x_wconf 84' lang='lat' dir='ltr'>viden.</span> 
     </span>
     <span class='ocr_line' id='line_1_3' title="bbox 89 519 1136 608; baseline 0.011 -25"><span class='ocrx_word' id='word_1_11' title='bbox 89 537 144 583; x_wconf 90' lang='lat' dir='ltr'>tur</span> <span class='ocrx_word' id='word_1_12' title='bbox 155 523 319 583; x_wconf 83' lang='lat' dir='ltr'>Franciani</span> <span class='ocrx_word' id='word_1_13' title='bbox 331 542 395 582; x_wconf 85' lang='lat' dir='ltr'>esse</span> <span class='ocrx_word' id='word_1_14' title='bbox 407 519 586 601; x_wconf 82' lang='lat' dir='ltr'>ablegandi3</span> <span class='ocrx_word' id='word_1_15' title='bbox 600 541 669 602; x_wconf 79' lang='lat' dir='ltr'>quse</span> <span class='ocrx_word' id='word_1_16' title='bbox 681 523 764 580; x_wconf 90' lang='lat' dir='ltr'>enim</span> <span class='ocrx_word' id='word_1_17' title='bbox 774 543 809 582; x_wconf 90' lang='lat' dir='ltr'>ex</span> <span class='ocrx_word' id='word_1_18' title='bbox 819 525 856 584; x_wconf 93' lang='lat' dir='ltr'>iis</span> <span class='ocrx_word' id='word_1_19' title='bbox 868 523 1050 608; x_wconf 80' lang='lat' dir='ltr'>laudantur,</span> <span class='ocrx_word' id='word_1_20' title='bbox 1064 552 1136 598; x_wconf 88' lang='lat' dir='ltr'>sunt</span> 
     </span>
     <span class='ocr_line' id='line_1_4' title="bbox 91 609 1135 700; baseline 0.014 -28"><span class='ocrx_word' id='word_1_21' title='bbox 91 633 179 672; x_wconf 86' lang='lat' dir='ltr'>mera</span> <span class='ocrx_word' id='word_1_22' title='bbox 187 612 466 694; x_wconf 81' lang='lat' dir='ltr'>plerumquevitia,</span> <span class='ocrx_word' id='word_1_23' title='bbox 474 609 684 671; x_wconf 89' lang='lat' dir='ltr'>aberrationes</span> <span class='ocrx_word' id='word_1_24' title='bbox 692 611 1135 700; x_wconf 86' lang='lat' dir='ltr'>etindoctaeinterpolationes.</span> 
     </span>
    </p>

    <p class='ocr_par' dir='ltr' id='par_1_3' title="bbox 88 691 1136 1312">
     <span class='ocr_line' id='line_1_5' title="bbox 133 691 1136 774; baseline 0.014 -13"><span class='ocrx_word' id='word_1_25' title='bbox 133 699 237 762; x_wconf 87' lang='lat' dir='ltr'>Codex</span> <span class='ocrx_word' id='word_1_26' title='bbox 262 691 422 760; x_wconf 71' lang='lat' dir='ltr'>Tolliairus.</span> <span class='ocrx_word' id='word_1_27' title='bbox 443 699 504 759; x_wconf 92' lang='lat' dir='ltr'>Sub</span> <span class='ocrx_word' id='word_1_28' title='bbox 523 699 584 760; x_wconf 90' lang='lat' dir='ltr'>hoc</span> <span class='ocrx_word' id='word_1_29' title='bbox 603 702 731 760; x_wconf 88' lang='lat' dir='ltr'>nomine</span> <span class='ocrx_word' id='word_1_30' title='bbox 747 699 915 764; x_wconf 84' lang='lat' dir='ltr'>laudantur</span> <span class='ocrx_word' id='word_1_31' title='bbox 932 729 996 769; x_wconf 87' lang='lat' dir='ltr'>var.</span> <span class='ocrx_word' id='word_1_32' title='bbox 1013 712 1084 772; x_wconf 92' lang='lat' dir='ltr'>lect.</span> <span class='ocrx_word' id='word_1_33' title='bbox 1102 717 1136 774; x_wconf 91' lang='lat' dir='ltr'>in</span> 
     </span>
     <span class='ocr_line' id='line_1_6' title="bbox 88 787 1136 870; baseline 0.012 -21"><span class='ocrx_word' id='word_1_34' title='bbox 88 790 245 869; x_wconf 81' lang='lat' dir='ltr'>Georgica</span> <span class='ocrx_word' id='word_1_35' title='bbox 257 809 274 846; x_wconf 89' lang='lat' dir='ltr'>a</span> <span class='ocrx_word' id='word_1_36' title='bbox 286 790 350 847; x_wconf 82' lang='lat' dir='ltr'>lac.</span> <span class='ocrx_word' id='word_1_37' title='bbox 364 787 467 848; x_wconf 88' lang='lat' dir='ltr'>Tollio</span> <span class='ocrx_word' id='word_1_38' title='bbox 482 809 517 847; x_wconf 86' lang='lat' dir='ltr'>ex</span> <span class='ocrx_word' id='word_1_39' title='bbox 532 787 608 847; x_wconf 91' lang='lat' dir='ltr'>Cod.</span> <span class='ocrx_word' id='word_1_40' title='bbox 625 809 797 870; x_wconf 80' lang='lat' dir='ltr'>papyraceo</span> <span class='ocrx_word' id='word_1_41' title='bbox 814 790 1011 857; x_wconf 85' lang='lat' dir='ltr'>bibliothecae</span> <span class='ocrx_word' id='word_1_42' title='bbox 1022 801 1136 862; x_wconf 86' lang='lat' dir='ltr'>Tento-</span> 
     </span>
     <span class='ocr_line' id='line_1_7' title="bbox 89 877 1135 971; baseline 0.009 -31"><span class='ocrx_word' id='word_1_43' title='bbox 89 882 256 962; x_wconf 83' lang='lat' dir='ltr'>burgensis</span> <span class='ocrx_word' id='word_1_44' title='bbox 278 877 432 955; x_wconf 74' lang='lat' dir='ltr'>collectae,</span> <span class='ocrx_word' id='word_1_45' title='bbox 456 892 486 938; x_wconf 87' lang='lat' dir='ltr'>et</span> <span class='ocrx_word' id='word_1_46' title='bbox 507 878 639 938; x_wconf 89' lang='lat' dir='ltr'>editioni</span> <span class='ocrx_word' id='word_1_47' title='bbox 658 881 845 942; x_wconf 89' lang='lat' dir='ltr'>Commelin.</span> <span class='ocrx_word' id='word_1_48' title='bbox 866 885 940 958; x_wconf 65' lang='lat'>1646</span> <span class='ocrx_word' id='word_1_49' title='bbox 956 887 1135 971; x_wconf 71' lang='lat' dir='ltr'>adscriptae,</span> 
     </span>
     <span class='ocr_line' id='line_1_8' title="bbox 90 969 1136 1050; baseline 0.013 -21"><span class='ocrx_word' id='word_1_50' title='bbox 90 991 187 1050; x_wconf 90' lang='lat' dir='ltr'>quam</span> <span class='ocrx_word' id='word_1_51' title='bbox 198 969 386 1031; x_wconf 88' lang='lat' dir='ltr'>D’Orvillius</span> <span class='ocrx_word' id='word_1_52' title='bbox 397 971 576 1028; x_wconf 88' lang='lat' dir='ltr'>Burmanno</span> <span class='ocrx_word' id='word_1_53' title='bbox 589 969 813 1050; x_wconf 87' lang='lat' dir='ltr'>excerpendam</span> <span class='ocrx_word' id='word_1_54' title='bbox 827 977 1033 1039; x_wconf 82' lang='lat' dir='ltr'>commiserat.</span> <span class='ocrx_word' id='word_1_55' title='bbox 1046 983 1136 1043; x_wconf 89' lang='lat' dir='ltr'>Nunc</span> 
     </span>
     <span class='ocr_line' id='line_1_9' title="bbox 90 1053 1136 1139; baseline 0.011 -22"><span class='ocrx_word' id='word_1_56' title='bbox 90 1055 257 1139; x_wconf 81' lang='lat' dir='ltr'>descripsit</span> <span class='ocrx_word' id='word_1_57' title='bbox 269 1056 384 1117; x_wconf 89' lang='lat' dir='ltr'>codicis</span> <span class='ocrx_word' id='word_1_58' title='bbox 401 1055 545 1116; x_wconf 90' lang='lat' dir='ltr'>habitum</span> <span class='ocrx_word' id='word_1_59' title='bbox 558 1070 589 1116; x_wconf 89' lang='lat' dir='ltr'>et</span> <span class='ocrx_word' id='word_1_60' title='bbox 605 1059 721 1116; x_wconf 89' lang='lat' dir='ltr'>variam</span> <span class='ocrx_word' id='word_1_61' title='bbox 736 1056 899 1120; x_wconf 88' lang='lat' dir='ltr'>lectionem</span> <span class='ocrx_word' id='word_1_62' title='bbox 912 1069 1051 1126; x_wconf 86' lang='lat' dir='ltr'>enotavit</span> <span class='ocrx_word' id='word_1_63' title='bbox 1064 1053 1136 1130; x_wconf 64' lang='lat' dir='ltr'>dili4</span> 
     </span>
     <span class='ocr_line' id='line_1_10' title="bbox 89 1139 1136 1233; baseline 0.011 -29"><span class='ocrx_word' id='word_1_64' title='bbox 89 1147 245 1226; x_wconf 79' lang='lat' dir='ltr'>gonterii.</span> <span class='ocrx_word' id='word_1_65' title='bbox 253 1147 287 1204; x_wconf 83' lang='lat' dir='ltr'>A.</span> <span class='ocrx_word' id='word_1_66' title='bbox 300 1147 454 1206; x_wconf 82' lang='lat' dir='ltr'>Grimmin</span> <span class='ocrx_word' id='word_1_67' title='bbox 462 1143 604 1205; x_wconf 88' lang='lat' dir='ltr'>Witholii</span> <span class='ocrx_word' id='word_1_68' title='bbox 615 1143 769 1206; x_wconf 77' lang='lat' dir='ltr'>irritisclsen</span> <span class='ocrx_word' id='word_1_69' title='bbox 777 1139 1136 1233; x_wconf 72' lang='lat' dir='ltr'>Anrnerlrnngenldtc&#39;iclr,</span> 
     </span>
     <span class='ocr_line' id='line_1_11' title="bbox 90 1253 245 1312; baseline 0 -20"><span class='ocrx_word' id='word_1_70' title='bbox 90 1253 164 1312; x_wconf 88' lang='lat' dir='ltr'>pag.</span> <span class='ocrx_word' id='word_1_71' title='bbox 181 1254 245 1293; x_wconf 80' lang='lat' dir='ltr'>rao.</span> 
     </span>
    </p>

    <p class='ocr_par' dir='ltr' id='par_1_4' title="bbox 132 1317 1096 1402">
     <span class='ocr_line' id='line_1_12' title="bbox 132 1317 1096 1402; baseline 0.013 -25"><span class='ocrx_word' id='word_1_72' title='bbox 132 1317 264 1380; x_wconf 83' lang='lat' dir='ltr'>Codices</span> <span class='ocrx_word' id='word_1_73' title='bbox 276 1319 425 1380; x_wconf 68' lang='lat' dir='ltr'>[citienses</span> <span class='ocrx_word' id='word_1_74' title='bbox 435 1319 507 1394; x_wconf 88' lang='lat' dir='ltr'>duo,</span> <span class='ocrx_word' id='word_1_75' title='bbox 521 1339 600 1402; x_wconf 90' lang='lat' dir='ltr'>quos</span> <span class='ocrx_word' id='word_1_76' title='bbox 614 1321 681 1402; x_wconf 92' lang='lat' dir='ltr'>ipse</span> <span class='ocrx_word' id='word_1_77' title='bbox 696 1321 729 1380; x_wconf 92' lang='lat' dir='ltr'>P.</span> <span class='ocrx_word' id='word_1_78' title='bbox 742 1323 939 1385; x_wconf 83' lang='lat' dir='ltr'>Burmannus</span> <span class='ocrx_word' id='word_1_79' title='bbox 951 1329 1096 1392; x_wconf 90' lang='lat' dir='ltr'>contulit.</span> 
     </span>
    </p>

    <p class='ocr_par' dir='ltr' id='par_1_5' title="bbox 133 1406 461 1469">
     <span class='ocr_line' id='line_1_13' title="bbox 133 1406 461 1469; baseline 0 -2"><span class='ocrx_word' id='word_1_80' title='bbox 133 1407 239 1467; x_wconf 87' lang='lat' dir='ltr'>Codex</span> <span class='ocrx_word' id='word_1_81' title='bbox 253 1406 461 1469; x_wconf 78' lang='lat' dir='ltr'>Zulielremius.</span> 
     </span>
    </p>

    <p class='ocr_par' dir='ltr' id='par_1_6' title="bbox 89 1495 1138 1667">
     <span class='ocr_line' id='line_1_14' title="bbox 132 1495 1138 1580; baseline 0.013 -24"><span class='ocrx_word' id='word_1_82' title='bbox 132 1495 238 1556; x_wconf 83' lang='lat' dir='ltr'>Codex</span> <span class='ocrx_word' id='word_1_83' title='bbox 250 1499 420 1571; x_wconf 85' lang='lat' dir='ltr'>Vossianus,</span> <span class='ocrx_word' id='word_1_84' title='bbox 432 1517 473 1557; x_wconf 84' lang='lat' dir='ltr'>an</span> <span class='ocrx_word' id='word_1_85' title='bbox 483 1516 564 1556; x_wconf 86' lang='lat' dir='ltr'>unus</span> <span class='ocrx_word' id='word_1_86' title='bbox 574 1517 611 1556; x_wconf 85' lang='lat' dir='ltr'>ex</span> <span class='ocrx_word' id='word_1_87' title='bbox 621 1498 657 1556; x_wconf 89' lang='lat' dir='ltr'>iis</span> <span class='ocrx_word' id='word_1_88' title='bbox 669 1496 774 1574; x_wconf 83' lang='lat' dir='ltr'>luerit,</span> <span class='ocrx_word' id='word_1_89' title='bbox 785 1501 898 1580; x_wconf 87' lang='lat' dir='ltr'>quibus</span> <span class='ocrx_word' id='word_1_90' title='bbox 908 1504 1055 1566; x_wconf 85' lang='lat' dir='ltr'>Heinsius</span> <span class='ocrx_word' id='word_1_91' title='bbox 1065 1529 1138 1569; x_wconf 90' lang='lat' dir='ltr'>usus</span> 
     </span>
     <span class='ocr_line' id='line_1_15' title="bbox 89 1585 448 1667; baseline -0.003 -21"><span class='ocrx_word' id='word_1_92' title='bbox 89 1598 153 1660; x_wconf 87' lang='lat' dir='ltr'>est,</span> <span class='ocrx_word' id='word_1_93' title='bbox 168 1585 246 1646; x_wconf 93' lang='lat' dir='ltr'>mihi</span> <span class='ocrx_word' id='word_1_94' title='bbox 261 1606 326 1645; x_wconf 90' lang='lat' dir='ltr'>non</span> <span class='ocrx_word' id='word_1_95' title='bbox 341 1585 448 1667; x_wconf 88' lang='lat' dir='ltr'>liquet.</span> 
     </span>
    </p>

    <p class='ocr_par' dir='ltr' id='par_1_7' title="bbox 132 1671 1058 1759">
     <span class='ocr_line' id='line_1_16' title="bbox 132 1671 1058 1759; baseline 0.008 -25"><span class='ocrx_word' id='word_1_96' title='bbox 132 1672 237 1734; x_wconf 85' lang='lat' dir='ltr'>Codex</span> <span class='ocrx_word' id='word_1_97' title='bbox 250 1675 436 1748; x_wconf 63' lang='lat' dir='ltr'>Graevtanue</span> <span class='ocrx_word' id='word_1_98' title='bbox 449 1673 503 1754; x_wconf 91' lang='lat' dir='ltr'>qui</span> <span class='ocrx_word' id='word_1_99' title='bbox 515 1671 687 1733; x_wconf 88' lang='lat' dir='ltr'>admodum</span> <span class='ocrx_word' id='word_1_100' title='bbox 699 1695 804 1759; x_wconf 70' lang='lat' dir='ltr'>recens</span> <span class='ocrx_word' id='word_1_101' title='bbox 818 1675 912 1738; x_wconf 87' lang='lat' dir='ltr'>fuisse</span> <span class='ocrx_word' id='word_1_102' title='bbox 926 1679 1058 1742; x_wconf 88' lang='lat' dir='ltr'>videtur.</span> 
     </span>
    </p>

    <p class='ocr_par' dir='ltr' id='par_1_8' title="bbox 131 1761 911 1824">
     <span class='ocr_line' id='line_1_17' title="bbox 131 1761 911 1824; baseline 0.001 -1"><span class='ocrx_word' id='word_1_103' title='bbox 131 1761 238 1823; x_wconf 83' lang='lat' dir='ltr'>Codex</span> <span class='ocrx_word' id='word_1_104' title='bbox 253 1762 396 1824; x_wconf 83' lang='lat' dir='ltr'>Oudartii.</span> <span class='ocrx_word' id='word_1_105' title='bbox 501 1801 505 1810; x_wconf 52' lang='grc' dir='ltr'><strong><em>ι</em></strong></span> <span class='ocrx_word' id='word_1_106' title='bbox 904 1787 911 1798; x_wconf 87' lang='grc'><em>·</em></span> 
     </span>
    </p>

    <p class='ocr_par' dir='ltr' id='par_1_9' title="bbox 90 1850 1139 2092">
     <span class='ocr_line' id='line_1_18' title="bbox 131 1850 1138 1940; baseline 0.013 -31"><span class='ocrx_word' id='word_1_107' title='bbox 131 1850 238 1910; x_wconf 89' lang='lat' dir='ltr'>Codex</span> <span class='ocrx_word' id='word_1_108' title='bbox 252 1853 282 1915; x_wconf 90' lang='lat' dir='ltr'><em>V</em></span> <span class='ocrx_word' id='word_1_109' title='bbox 280 1850 481 1912; x_wconf 82' lang='lat' dir='ltr'>ratislaviensis</span> <span class='ocrx_word' id='word_1_110' title='bbox 485 1897 495 1926; x_wconf 87' lang='lat'>,</span> <span class='ocrx_word' id='word_1_111' title='bbox 509 1851 704 1913; x_wconf 80' lang='lat' dir='ltr'>bibliothecae</span> <span class='ocrx_word' id='word_1_112' title='bbox 716 1852 959 1932; x_wconf 86' lang='lat' dir='ltr'>Elisabethanae,</span> <span class='ocrx_word' id='word_1_113' title='bbox 971 1879 988 1917; x_wconf 91' lang='lat' dir='ltr'>e</span> <span class='ocrx_word' id='word_1_114' title='bbox 1000 1881 1063 1940; x_wconf 90' lang='lat' dir='ltr'>quo</span> <span class='ocrx_word' id='word_1_115' title='bbox 1073 1883 1138 1922; x_wconf 86' lang='lat' dir='ltr'>var.</span> 
     </span>
     <span class='ocr_line' id='line_1_19' title="bbox 90 1939 1139 2030; baseline 0.012 -32"><span class='ocrx_word' id='word_1_116' title='bbox 90 1939 160 2000; x_wconf 88' lang='lat' dir='ltr'>leet.</span> <span class='ocrx_word' id='word_1_117' title='bbox 181 1939 314 1999; x_wconf 86' lang='lat' dir='ltr'>editioni</span> <span class='ocrx_word' id='word_1_118' title='bbox 334 1941 369 1999; x_wconf 87' lang='lat' dir='ltr'>L.</span> <span class='ocrx_word' id='word_1_119' title='bbox 389 1941 421 1998; x_wconf 89' lang='lat' dir='ltr'>B.</span> <span class='ocrx_word' id='word_1_120' title='bbox 448 1939 520 2000; x_wconf 83' lang='lat'><strong>1652</strong></span> <span class='ocrx_word' id='word_1_121' title='bbox 540 1961 638 2000; x_wconf 86' lang='lat' dir='ltr'>manu</span> <span class='ocrx_word' id='word_1_122' title='bbox 659 1943 732 2001; x_wconf 88' lang='lat' dir='ltr'>Jani</span> <span class='ocrx_word' id='word_1_123' title='bbox 751 1941 913 2003; x_wconf 88' lang='lat' dir='ltr'>Cebhardi</span> <span class='ocrx_word' id='word_1_124' title='bbox 932 1946 1103 2030; x_wconf 87' lang='lat' dir='ltr'>adscriptas</span> <span class='ocrx_word' id='word_1_125' title='bbox 1122 1973 1139 2011; x_wconf 88' lang='lat' dir='ltr'>e</span> 
     </span>
     <span class='ocr_line' id='line_1_20' title="bbox 91 2027 761 2092; baseline 0.001 -3"><span class='ocrx_word' id='word_1_126' title='bbox 91 2031 216 2090; x_wconf 87' lang='lat' dir='ltr'>scriniis</span> <span class='ocrx_word' id='word_1_127' title='bbox 231 2030 408 2090; x_wconf 86' lang='lat' dir='ltr'>Heinsiauis</span> <span class='ocrx_word' id='word_1_128' title='bbox 420 2027 532 2089; x_wconf 83' lang='lat' dir='ltr'>hahuit</span> <span class='ocrx_word' id='word_1_129' title='bbox 543 2033 761 2092; x_wconf 65' lang='lat' dir='ltr'>Burmannus..</span> 
     </span>
    </p>

    <p class='ocr_par' dir='ltr' id='par_1_10' title="bbox 92 2117 1139 2288">
     <span class='ocr_line' id='line_1_21' title="bbox 135 2117 1139 2202; baseline 0.014 -24"><span class='ocrx_word' id='word_1_130' title='bbox 135 2117 240 2178; x_wconf 86' lang='lat' dir='ltr'>Codex</span> <span class='ocrx_word' id='word_1_131' title='bbox 253 2121 428 2193; x_wconf 82' lang='lat' dir='ltr'>Wittianus,</span> <span class='ocrx_word' id='word_1_132' title='bbox 450 2139 467 2178; x_wconf 89' lang='lat' dir='ltr'>e</span> <span class='ocrx_word' id='word_1_133' title='bbox 479 2119 664 2200; x_wconf 89' lang='lat' dir='ltr'>supellectili</span> <span class='ocrx_word' id='word_1_134' title='bbox 677 2119 807 2182; x_wconf 91' lang='lat' dir='ltr'>librario</span> <span class='ocrx_word' id='word_1_135' title='bbox 822 2125 871 2182; x_wconf 93' lang='lat' dir='ltr'>Jo.</span> <span class='ocrx_word' id='word_1_136' title='bbox 884 2122 922 2182; x_wconf 92' lang='lat' dir='ltr'>de</span> <span class='ocrx_word' id='word_1_137' title='bbox 934 2126 1026 2202; x_wconf 81' lang='lat' dir='ltr'>witt,</span> <span class='ocrx_word' id='word_1_138' title='bbox 1047 2128 1139 2192; x_wconf 86' lang='lat' dir='ltr'>Civit.</span> 
     </span>
     <span class='ocr_line' id='line_1_22' title="bbox 92 2206 1138 2288; baseline 0.009 -20"><span class='ocrx_word' id='word_1_139' title='bbox 92 2206 270 2268; x_wconf 84' lang='lat' dir='ltr'>Amstelaed.</span> <span class='ocrx_word' id='word_1_140' title='bbox 281 2207 442 2288; x_wconf 86' lang='lat' dir='ltr'>quondam</span> <span class='ocrx_word' id='word_1_141' title='bbox 453 2206 590 2282; x_wconf 74' lang='lat' dir='ltr'>lacticis,</span> <span class='ocrx_word' id='word_1_142' title='bbox 601 2228 673 2267; x_wconf 90' lang='lat' dir='ltr'>eum</span> <span class='ocrx_word' id='word_1_143' title='bbox 684 2209 865 2268; x_wconf 90' lang='lat' dir='ltr'>Burmanno</span> <span class='ocrx_word' id='word_1_144' title='bbox 878 2215 1138 2277; x_wconf 85' lang='lat' dir='ltr'>communicatus.</span> 
     </span>
    </p>

    <p class='ocr_par' dir='ltr' id='par_1_11' title="bbox 91 2292 1140 2625">
     <span class='ocr_line' id='line_1_23' title="bbox 134 2292 1139 2376; baseline 0.008 -21"><span class='ocrx_word' id='word_1_145' title='bbox 134 2295 241 2355; x_wconf 88' lang='lat' dir='ltr'>Codex</span> <span class='ocrx_word' id='word_1_146' title='bbox 257 2292 491 2369; x_wconf 82' lang='lat' dir='ltr'>D&#39;Orvillianus,</span> <span class='ocrx_word' id='word_1_147' title='bbox 513 2297 693 2354; x_wconf 82' lang='lat' dir='ltr'>recentioris</span> <span class='ocrx_word' id='word_1_148' title='bbox 712 2299 829 2370; x_wconf 84' lang='lat' dir='ltr'>aetatis,</span> <span class='ocrx_word' id='word_1_149' title='bbox 848 2317 943 2376; x_wconf 89' lang='lat' dir='ltr'>equo</span> <span class='ocrx_word' id='word_1_150' title='bbox 960 2301 1139 2363; x_wconf 88' lang='lat' dir='ltr'>varietatem</span> 
     </span>
     <span class='ocr_line' id='line_1_24' title="bbox 93 2384 1139 2467; baseline 0.006 -21"><span class='ocrx_word' id='word_1_151' title='bbox 93 2387 236 2447; x_wconf 88' lang='lat' dir='ltr'>lectionis</span> <span class='ocrx_word' id='word_1_152' title='bbox 257 2398 433 2467; x_wconf 81' lang='lat' dir='ltr'>excerptam</span> <span class='ocrx_word' id='word_1_153' title='bbox 455 2384 494 2444; x_wconf 87' lang='lat' dir='ltr'>ad</span> <span class='ocrx_word' id='word_1_154' title='bbox 513 2387 547 2444; x_wconf 90' lang='lat' dir='ltr'>P.</span> <span class='ocrx_word' id='word_1_155' title='bbox 568 2387 780 2445; x_wconf 87' lang='lat' dir='ltr'>Burmannum</span> <span class='ocrx_word' id='word_1_156' title='bbox 800 2387 1139 2452; x_wconf 77' lang='lat' dir='ltr'>miserat-D&#39;Orvillius.</span> 
     </span>
     <span class='ocr_line' id='line_1_25' title="bbox 93 2473 1140 2554; baseline 0.007 -20"><span class='ocrx_word' id='word_1_157' title='bbox 93 2475 169 2534; x_wconf 83' lang='lat' dir='ltr'>Fuit</span> <span class='ocrx_word' id='word_1_158' title='bbox 179 2475 205 2533; x_wconf 88' lang='lat' dir='ltr'>is</span> <span class='ocrx_word' id='word_1_159' title='bbox 215 2495 251 2533; x_wconf 89' lang='lat' dir='ltr'>ex</span> <span class='ocrx_word' id='word_1_160' title='bbox 262 2475 535 2554; x_wconf 85' lang='lat' dir='ltr'>inquinatissimis,</span> <span class='ocrx_word' id='word_1_161' title='bbox 550 2493 607 2533; x_wconf 90' lang='lat' dir='ltr'>nec</span> <span class='ocrx_word' id='word_1_162' title='bbox 618 2473 732 2553; x_wconf 90' lang='lat' dir='ltr'>dignus</span> <span class='ocrx_word' id='word_1_163' title='bbox 742 2493 759 2533; x_wconf 90' lang='lat' dir='ltr'>e</span> <span class='ocrx_word' id='word_1_164' title='bbox 769 2493 831 2554; x_wconf 92' lang='lat' dir='ltr'>quo</span> <span class='ocrx_word' id='word_1_165' title='bbox 842 2493 926 2534; x_wconf 89' lang='lat' dir='ltr'>mera</span> <span class='ocrx_word' id='word_1_166' title='bbox 938 2475 1140 2542; x_wconf 82' lang='lat' dir='ltr'>librariorum</span> 
     </span>
     <span class='ocr_line' id='line_1_26' title="bbox 91 2566 395 2625; baseline -0.01 0"><span class='ocrx_word' id='word_1_167' title='bbox 91 2566 170 2625; x_wconf 87' lang='lat' dir='ltr'>vitia</span> <span class='ocrx_word' id='word_1_168' title='bbox 184 2575 395 2623; x_wconf 85' lang='lat' dir='ltr'>enotareutur.</span> 
     </span>
    </p>

    <p class='ocr_par' dir='ltr' id='par_1_12' title="bbox 92 2648 1141 3090">
     <span class='ocr_line' id='line_1_27' title="bbox 134 2648 1138 2734; baseline 0.006 -22"><span class='ocrx_word' id='word_1_169' title='bbox 134 2652 239 2712; x_wconf 83' lang='lat' dir='ltr'>Codex</span> <span class='ocrx_word' id='word_1_170' title='bbox 260 2648 444 2726; x_wconf 82' lang='lat' dir='ltr'>Wallionus,</span> <span class='ocrx_word' id='word_1_171' title='bbox 466 2664 520 2712; x_wconf 91' lang='lat' dir='ltr'>aut</span> <span class='ocrx_word' id='word_1_172' title='bbox 536 2653 639 2734; x_wconf 92' lang='lat' dir='ltr'>potius</span> <span class='ocrx_word' id='word_1_173' title='bbox 658 2651 868 2732; x_wconf 78' lang='lat' dir='ltr'>fragmentum</span> <span class='ocrx_word' id='word_1_174' title='bbox 885 2651 1000 2713; x_wconf 87' lang='lat' dir='ltr'>codicis</span> <span class='ocrx_word' id='word_1_175' title='bbox 1019 2655 1138 2718; x_wconf 87' lang='lat' dir='ltr'>alibro</span> 
     </span>
     <span class='ocr_line' id='line_1_28' title="bbox 93 2740 1141 2823; baseline 0.003 -19"><span class='ocrx_word' id='word_1_176' title='bbox 93 2745 163 2804; x_wconf 70' lang='grc' dir='ltr'><strong><em>[ΕΠ.</em></strong></span> <span class='ocrx_word' id='word_1_177' title='bbox 174 2742 218 2817; x_wconf 92' lang='lat' dir='ltr'>ll,</span> <span class='ocrx_word' id='word_1_178' title='bbox 230 2741 289 2801; x_wconf 82' lang='lat'>310</span> <span class='ocrx_word' id='word_1_179' title='bbox 300 2740 378 2808; x_wconf 85' lang='lat' dir='ltr'>adv.</span> <span class='ocrx_word' id='word_1_180' title='bbox 394 2741 449 2802; x_wconf 85' lang='lat'>150</span> <span class='ocrx_word' id='word_1_181' title='bbox 460 2741 533 2801; x_wconf 89' lang='lat' dir='ltr'>libri</span> <span class='ocrx_word' id='word_1_182' title='bbox 546 2743 602 2817; x_wconf 91' lang='lat' dir='ltr'>Vl,</span> <span class='ocrx_word' id='word_1_183' title='bbox 616 2742 654 2802; x_wconf 91' lang='lat' dir='ltr'>ab</span> <span class='ocrx_word' id='word_1_184' title='bbox 669 2743 813 2823; x_wconf 89' lang='lat' dir='ltr'>imperito</span> <span class='ocrx_word' id='word_1_185' title='bbox 827 2755 858 2802; x_wconf 91' lang='lat' dir='ltr'>et</span> <span class='ocrx_word' id='word_1_186' title='bbox 871 2741 1037 2804; x_wconf 79' lang='lat' dir='ltr'>festinante</span> <span class='ocrx_word' id='word_1_187' title='bbox 1047 2745 1141 2807; x_wconf 89' lang='lat' dir='ltr'>libra-</span> 
     </span>
     <span class='ocr_line' id='line_1_29' title="bbox 92 2831 1140 2915; baseline 0.003 -21"><span class='ocrx_word' id='word_1_188' title='bbox 92 2837 142 2898; x_wconf 89' lang='lat' dir='ltr'>rio</span> <span class='ocrx_word' id='word_1_189' title='bbox 153 2832 378 2915; x_wconf 84' lang='lat' dir='ltr'>perscriptum,</span> <span class='ocrx_word' id='word_1_190' title='bbox 387 2845 418 2892; x_wconf 91' lang='lat' dir='ltr'>et</span> <span class='ocrx_word' id='word_1_191' title='bbox 427 2831 534 2914; x_wconf 84' lang='lat' dir='ltr'>glossis</span> <span class='ocrx_word' id='word_1_192' title='bbox 544 2831 690 2914; x_wconf 89' lang='lat' dir='ltr'>plurimis</span> <span class='ocrx_word' id='word_1_193' title='bbox 700 2833 956 2912; x_wconf 87' lang='lat' dir='ltr'>coinquinatum,</span> <span class='ocrx_word' id='word_1_194' title='bbox 969 2853 1025 2893; x_wconf 91' lang='lat' dir='ltr'>nec</span> <span class='ocrx_word' id='word_1_195' title='bbox 1036 2848 1140 2898; x_wconf 88' lang='lat' dir='ltr'>tamen</span> 
     </span>
     <span class='ocr_line' id='line_1_30' title="bbox 93 2920 1140 3009; baseline 0 -22"><span class='ocrx_word' id='word_1_196' title='bbox 93 2922 319 3009; x_wconf 66' lang='lat' dir='ltr'>spernendum</span> <span class='ocrx_word' id='word_1_197' title='bbox 330 2921 414 3004; x_wconf 91' lang='lat' dir='ltr'>quod</span> <span class='ocrx_word' id='word_1_198' title='bbox 425 2921 465 2981; x_wconf 92' lang='lat' dir='ltr'>ab</span> <span class='ocrx_word' id='word_1_199' title='bbox 476 2923 657 2982; x_wconf 89' lang='lat' dir='ltr'>Hermanno</span> <span class='ocrx_word' id='word_1_200' title='bbox 667 2943 727 2982; x_wconf 89' lang='lat' dir='ltr'>van</span> <span class='ocrx_word' id='word_1_201' title='bbox 736 2921 790 2981; x_wconf 90' lang='lat' dir='ltr'>der</span> <span class='ocrx_word' id='word_1_202' title='bbox 796 2922 876 2982; x_wconf 89' lang='lat' dir='ltr'>Wall</span> <span class='ocrx_word' id='word_1_203' title='bbox 888 2920 926 2982; x_wconf 83' lang='lat' dir='ltr'>ad</span> <span class='ocrx_word' id='word_1_204' title='bbox 934 2922 1140 2986; x_wconf 88' lang='lat' dir='ltr'>D’Orvillium</span> 
     </span>
     <span class='ocr_line' id='line_1_31' title="bbox 94 3008 1138 3090; baseline 0 -16"><span class='ocrx_word' id='word_1_205' title='bbox 94 3013 271 3074; x_wconf 86' lang='lat' dir='ltr'>transierat.</span> <span class='ocrx_word' id='word_1_206' title='bbox 284 3009 425 3070; x_wconf 89' lang='lat' dir='ltr'>Contulit</span> <span class='ocrx_word' id='word_1_207' title='bbox 434 3008 512 3070; x_wconf 88' lang='lat' dir='ltr'>illud</span> <span class='ocrx_word' id='word_1_208' title='bbox 522 3012 717 3070; x_wconf 86' lang='lat' dir='ltr'>Burmannus</span> <span class='ocrx_word' id='word_1_209' title='bbox 725 3008 834 3090; x_wconf 89' lang='lat' dir='ltr'>junior</span> <span class='ocrx_word' id='word_1_210' title='bbox 843 3030 916 3069; x_wconf 89' lang='lat' dir='ltr'>eum</span> <span class='ocrx_word' id='word_1_211' title='bbox 926 3008 1000 3069; x_wconf 92' lang='lat' dir='ltr'>edit.</span> <span class='ocrx_word' id='word_1_212' title='bbox 1013 3012 1138 3074; x_wconf 80' lang='lat' dir='ltr'>Massic.</span> 
     </span>
    </p>

    <p class='ocr_par' dir='ltr' id='par_1_13' title="bbox 94 3096 1139 3338">
     <span class='ocr_line' id='line_1_32' title="bbox 134 3096 1139 3172; baseline 0.002 -13"><span class='ocrx_word' id='word_1_213' title='bbox 134 3096 240 3159; x_wconf 89' lang='lat' dir='ltr'>Codex</span> <span class='ocrx_word' id='word_1_214' title='bbox 254 3096 512 3170; x_wconf 83' lang='lat' dir='ltr'>Claramontanus‚</span> <span class='ocrx_word' id='word_1_215' title='bbox 533 3098 803 3172; x_wconf 87' lang='lat' dir='ltr'>membranaceus,</span> <span class='ocrx_word' id='word_1_216' title='bbox 817 3096 1022 3156; x_wconf 88' lang='lat' dir='ltr'>Claramontii</span> <span class='ocrx_word' id='word_1_217' title='bbox 1037 3099 1139 3161; x_wconf 90' lang='lat' dir='ltr'>Eccle-</span> 
     </span>
     <span class='ocr_line' id='line_1_33' title="bbox 95 3181 1139 3266; baseline 0.001 -19"><span class='ocrx_word' id='word_1_218' title='bbox 95 3189 151 3248; x_wconf 87' lang='lat' dir='ltr'>siae</span> <span class='ocrx_word' id='word_1_219' title='bbox 174 3182 342 3245; x_wconf 83' lang='lat' dir='ltr'>Gallicanae</span> <span class='ocrx_word' id='word_1_220' title='bbox 365 3181 443 3243; x_wconf 88' lang='lat' dir='ltr'>olim</span> <span class='ocrx_word' id='word_1_221' title='bbox 466 3184 616 3258; x_wconf 89' lang='lat' dir='ltr'>ministri,</span> <span class='ocrx_word' id='word_1_222' title='bbox 642 3205 658 3244; x_wconf 86' lang='lat' dir='ltr'>e</span> <span class='ocrx_word' id='word_1_223' title='bbox 680 3204 743 3266; x_wconf 91' lang='lat' dir='ltr'>quo</span> <span class='ocrx_word' id='word_1_224' title='bbox 764 3184 910 3244; x_wconf 86' lang='lat' dir='ltr'>lectiones</span> <span class='ocrx_word' id='word_1_225' title='bbox 931 3181 1066 3245; x_wconf 86' lang='lat' dir='ltr'>diversas</span> <span class='ocrx_word' id='word_1_226' title='bbox 1089 3189 1139 3248; x_wconf 91' lang='lat' dir='ltr'>Jo.</span> 
     </span>
     <span class='ocr_line' id='line_1_34' title="bbox 94 3275 491 3338; baseline -0.02 0"><span class='ocrx_word' id='word_1_227' title='bbox 94 3275 278 3338; x_wconf 85' lang='lat' dir='ltr'>Arntzenius</span> <span class='ocrx_word' id='word_1_228' title='bbox 291 3284 491 3331; x_wconf 88' lang='lat' dir='ltr'>enotaverat.·</span> 
     </span>
    </p>

    <p class='ocr_par' dir='ltr' id='par_1_14' title="bbox 96 3356 1141 3618">
     <span class='ocr_line' id='line_1_35' title="bbox 136 3356 1141 3436; baseline -0.001 -14"><span class='ocrx_word' id='word_1_229' title='bbox 136 3359 241 3422; x_wconf 88' lang='lat' dir='ltr'>Codex</span> <span class='ocrx_word' id='word_1_230' title='bbox 258 3359 426 3423; x_wconf 74' lang='lat' dir='ltr'>lubecensis</span> <span class='ocrx_word' id='word_1_231' title='bbox 444 3356 483 3418; x_wconf 85' lang='lat' dir='ltr'>ad</span> <span class='ocrx_word' id='word_1_232' title='bbox 498 3359 564 3418; x_wconf 84' lang='lat' dir='ltr'>AEn.</span> <span class='ocrx_word' id='word_1_233' title='bbox 578 3361 620 3434; x_wconf 87' lang='lat' dir='ltr'>X,</span> <span class='ocrx_word' id='word_1_234' title='bbox 639 3360 692 3436; x_wconf 84' lang='lat'>50,</span> <span class='ocrx_word' id='word_1_235' title='bbox 711 3358 864 3419; x_wconf 89' lang='lat' dir='ltr'>laudatur.</span> <span class='ocrx_word' id='word_1_236' title='bbox 884 3359 1026 3419; x_wconf 89' lang='lat' dir='ltr'>Ceterum</span> <span class='ocrx_word' id='word_1_237' title='bbox 1043 3381 1079 3424; x_wconf 85' lang='lat' dir='ltr'>ex</span> <span class='ocrx_word' id='word_1_238' title='bbox 1093 3360 1141 3426; x_wconf 84' lang='lat' dir='ltr'>his</span> 
     </span>
     <span class='ocr_line' id='line_1_36' title="bbox 96 3445 1141 3526; baseline -0.002 -14"><span class='ocrx_word' id='word_1_239' title='bbox 96 3448 191 3512; x_wconf 90' lang='lat' dir='ltr'>codd.</span> <span class='ocrx_word' id='word_1_240' title='bbox 205 3448 297 3509; x_wconf 89' lang='lat' dir='ltr'>multi</span> <span class='ocrx_word' id='word_1_241' title='bbox 314 3462 368 3508; x_wconf 89' lang='lat' dir='ltr'>aut</span> <span class='ocrx_word' id='word_1_242' title='bbox 385 3467 452 3508; x_wconf 91' lang='lat' dir='ltr'>non</span> <span class='ocrx_word' id='word_1_243' title='bbox 467 3445 554 3506; x_wconf 87' lang='lat' dir='ltr'>fuere</span> <span class='ocrx_word' id='word_1_244' title='bbox 566 3448 694 3526; x_wconf 87' lang='lat' dir='ltr'>integri,</span> <span class='ocrx_word' id='word_1_245' title='bbox 713 3458 768 3506; x_wconf 91' lang='lat' dir='ltr'>aut</span> <span class='ocrx_word' id='word_1_246' title='bbox 781 3446 871 3504; x_wconf 87' lang='lat' dir='ltr'>certis</span> <span class='ocrx_word' id='word_1_247' title='bbox 884 3457 1005 3506; x_wconf 89' lang='lat' dir='ltr'>tantum</span> <span class='ocrx_word' id='word_1_248' title='bbox 1018 3449 1052 3508; x_wconf 89' lang='lat' dir='ltr'>in</span> <span class='ocrx_word' id='word_1_249' title='bbox 1067 3449 1141 3512; x_wconf 84' lang='lat' dir='ltr'>locis</span> 
     </span>
     <span class='ocr_line' id='line_1_37' title="bbox 96 3539 239 3618; baseline -0.014 -20"><span class='ocrx_word' id='word_1_250' title='bbox 96 3539 239 3618; x_wconf 90' lang='lat' dir='ltr'>inspecti.</span> 
     </span>
    </p>
   </div>
   <div class='ocr_carea' id='block_1_3' title="bbox 95 3741 1142 4097">
    <p class='ocr_par' dir='ltr' id='par_1_15' title="bbox 95 3741 1142 4097">
     <span class='ocr_line' id='line_1_38' title="bbox 137 3741 1140 3824; baseline -0.013 -18"><span class='ocrx_word' id='word_1_251' title='bbox 137 3748 203 3808; x_wconf 88' lang='lat' dir='ltr'>XV.</span> <span class='ocrx_word' id='word_1_252' title='bbox 223 3748 259 3806; x_wconf 91' lang='lat' dir='ltr'>ln</span> <span class='ocrx_word' id='word_1_253' title='bbox 277 3743 414 3806; x_wconf 88' lang='lat' dir='ltr'>editione</span> <span class='ocrx_word' id='word_1_254' title='bbox 431 3741 663 3824; x_wconf 82' lang='lat' dir='ltr'>Edinburgensi</span> <span class='ocrx_word' id='word_1_255' title='bbox 679 3762 716 3802; x_wconf 89' lang='lat' dir='ltr'>ex</span> <span class='ocrx_word' id='word_1_256' title='bbox 735 3743 914 3802; x_wconf 89' lang='lat' dir='ltr'>recensione</span> <span class='ocrx_word' id='word_1_257' title='bbox 928 3741 1013 3800; x_wconf 83' lang='lat' dir='ltr'>Alex.</span> <span class='ocrx_word' id='word_1_258' title='bbox 1029 3743 1140 3806; x_wconf 83' lang='lat' dir='ltr'>Cunin.</span> 
     </span>
     <span class='ocr_line' id='line_1_39' title="bbox 95 3831 1140 3922; baseline -0.005 -23"><span class='ocrx_word' id='word_1_259' title='bbox 95 3836 201 3922; x_wconf 64' lang='lat' dir='ltr'>plant</span> <span class='ocrx_word' id='word_1_260' title='bbox 223 3836 296 3919; x_wconf 72' lang='lat'>1743</span> <span class='ocrx_word' id='word_1_261' title='bbox 314 3837 421 3896; x_wconf 85' lang='lat' dir='ltr'>aViro</span> <span class='ocrx_word' id='word_1_262' title='bbox 436 3834 528 3895; x_wconf 87' lang='lat' dir='ltr'>docto</span> <span class='ocrx_word' id='word_1_263' title='bbox 547 3835 649 3894; x_wconf 88' lang='lat' dir='ltr'>nescio</span> <span class='ocrx_word' id='word_1_264' title='bbox 668 3851 732 3914; x_wconf 91' lang='lat' dir='ltr'>quo</span> <span class='ocrx_word' id='word_1_265' title='bbox 753 3843 859 3892; x_wconf 89' lang='lat' dir='ltr'>curata</span> <span class='ocrx_word' id='word_1_266' title='bbox 876 3831 1037 3890; x_wconf 85' lang='lat' dir='ltr'>varietates</span> <span class='ocrx_word' id='word_1_267' title='bbox 1059 3853 1140 3894; x_wconf 91' lang='lat' dir='ltr'>non·</span> 
     </span>
     <span class='ocr_line' id='line_1_40' title="bbox 95 3918 1141 4000; baseline -0.007 -11"><span class='ocrx_word' id='word_1_268' title='bbox 95 3926 193 3997; x_wconf 70' lang='lat' dir='ltr'>nullae</span> <span class='ocrx_word' id='word_1_269' title='bbox 212 3947 229 3986; x_wconf 90' lang='lat' dir='ltr'>e</span> <span class='ocrx_word' id='word_1_270' title='bbox 248 3923 336 3986; x_wconf 77' lang='lat' dir='ltr'>tribus</span> <span class='ocrx_word' id='word_1_271' title='bbox 353 3922 445 3984; x_wconf 74' lang='lat' dir='ltr'>codd.</span> <span class='ocrx_word' id='word_1_272' title='bbox 464 3922 620 3998; x_wconf 74' lang='lat' dir='ltr'>adnotatae</span> <span class='ocrx_word' id='word_1_273' title='bbox 638 3933 720 3981; x_wconf 87' lang='lat' dir='ltr'>suut.</span> <span class='ocrx_word' id='word_1_274' title='bbox 739 3921 934 3980; x_wconf 87' lang='lat' dir='ltr'>Persuaserat</span> <span class='ocrx_word' id='word_1_275' title='bbox 949 3918 1008 3978; x_wconf 88' lang='lat' dir='ltr'>sibi</span> <span class='ocrx_word' id='word_1_276' title='bbox 1025 3919 1141 4000; x_wconf 86' lang='lat' dir='ltr'>editor,</span> 
     </span>
     <span class='ocr_line' id='line_1_41' title="bbox 95 4008 1142 4097; baseline -0.006 -19"><span class='ocrx_word' id='word_1_277' title='bbox 95 4013 354 4097; x_wconf 86' lang='lat' dir='ltr'>Cuninghamum</span> <span class='ocrx_word' id='word_1_278' title='bbox 363 4011 517 4076; x_wconf 67' lang='lat' dir='ltr'>hoscodd.</span> <span class='ocrx_word' id='word_1_279' title='bbox 525 4014 676 4094; x_wconf 83' lang='lat' dir='ltr'>inspectos</span> <span class='ocrx_word' id='word_1_280' title='bbox 686 4009 863 4074; x_wconf 86' lang='lat' dir='ltr'>contulisse.</span> <span class='ocrx_word' id='word_1_281' title='bbox 871 4008 1040 4071; x_wconf 81' lang='lat' dir='ltr'>Enimvero</span> <span class='ocrx_word' id='word_1_282' title='bbox 1049 4013 1142 4076; x_wconf 81' lang='lat' dir='ltr'>Wad-</span> 
     </span>
    </p>
   </div>
   <div class='ocr_carea' id='block_1_4' title="bbox 0 0 1385 4596">
    <p class='ocr_par' dir='ltr' id='par_1_16' title="bbox 0 0 1385 4596">
     <span class='ocr_line' id='line_1_42' title="bbox 0 0 1385 4596; baseline 0 0"><span class='ocrx_word' id='word_1_283' title='bbox 0 0 1385 4596; x_wconf 95' lang='lat' dir='ltr'> </span> 
     </span>
    </p>
   </div>
  </div>
 </body>
</html>
