2720 4588
216 313 278 378 262
513 305 951 372 PRAEFATIUNCULA

214 455 333 531 fertur,
349 469 381 516 et
393 473 432 514 ex
444 472 508 538 qua
518 448 590 512 aliae
602 445 677 511 vitae
690 445 958 522 aGrammaticis‚
970 436 1071 508 modo
1081 442 1253 521 Bucolicis,

214 565 315 631 modo
330 561 458 630 AEneidi
471 561 621 650 ptaeliuae,
632 560 835 626 concinnatas
845 574 933 640 suut,
945 558 1052 655 amitti
1061 574 1149 624 recte
1160 577 1256 644 posse

212 706 280 747 uon
295 680 502 770 putavimus(
511 679 622 766 itaque
631 677 663 740 ei
672 676 900 740 annotationes
910 673 1125 764 subjecimuS,
1140 672 1175 735 in
1186 670 1256 759 qui-

211 797 273 862 bus
290 797 409 884 partim
425 794 648 871 firmarentur,
667 813 742 880 quae
761 813 837 858 curn
855 811 968 854 rerum
984 787 1050 852 fide
1066 786 1151 852 tradi
1163 785 1254 850 vide-

211 911 345 990 bantur,
361 911 483 999 partim
495 910 634 998 iucarta,
648 907 729 974 falsa
738 924 771 971 et
781 906 918 985 insulsa,
931 905 984 973 vel
993 904 1096 970 verbo
1106 921 1256 968 notaren-

211 1043 275 1090 tur.
295 1023 461 1114 Subjicere
476 996 755 1088 bolistltueramus
774 995 883 1085 Vitam
902 1017 1028 1108 Virgilii
1044 1042 1063 1082 a
1078 1021 1180 1082 Ruaeo
1196 1039 1255 1104 per

211 1160 315 1202 annos
332 1158 409 1202 suos
427 1135 653 1202 distributam:
672 1159 775 1224 quum
794 1152 904 1199 tamen
920 1135 1024 1198 multa
1040 1134 1073 1196 in
1094 1155 1131 1196 ea
1141 1131 1254 1223 jejune

212 1252 311 1331 tradi,
329 1252 390 1317 alia
402 1275 517 1342 parum
534 1267 629 1316 acute
641 1251 832 1342 conjectari,
851 1251 992 1338 plurima
1006 1249 1182 1337 praeteriri,
1201 1269 1255 1311 eo-

212 1390 353 1458 rumque
374 1369 448 1432 loco
467 1367 572 1430 aliena
592 1367 691 1430 attexi
712 1364 916 1444 videremuS,
939 1364 1114 1429 maluimus
1138 1377 1255 1427 novam

212 1485 313 1548 vitam
328 1483 369 1547 ad
385 1481 535 1547 eamdem
551 1483 620 1546 fere
635 1483 797 1546 rationem
809 1480 988 1560 conficere,
1007 1482 1040 1544 in
1054 1503 1118 1570 qua
1131 1503 1169 1543 ea
1183 1478 1256 1542 bre·

214 1599 298 1675 viter
310 1596 453 1670 iudicata
469 1615 593 1676 esseut,
606 1620 688 1686 ,quaa
703 1595 745 1662 ad
761 1597 931 1662 historiam
944 1597 1014 1663 sira
1030 1595 1106 1659 vitae
1123 1594 1191 1661 sive
1208 1610 1258 1656 re·

214 1735 309 1796 rum,
323 1713 454 1800 quoties
473 1729 573 1799 poeta
590 1710 632 1780 ad
651 1735 711 1778 sua
730 1729 881 1800 tempora
899 1713 1056 1800 respexit,
1077 1709 1258 1782 aromatitis

214 1825 478 1912 cognoscendam
488 1827 596 1898 lacere
605 1843 750 1914 possent.
761 1828 877 1916 Itaque
887 1827 949 1902 sub
960 1845 1258 1914 unoquoqaeauuo

213 1942 358 2028 primum
368 1963 422 2006 res
435 1941 569 2032 publice
583 1959 691 2030 gestas
701 1944 871 2030 porrarias,
885 1961 1005 2011 tumea
1015 1941 1259 2032 subjungimus,

215 2075 304 2142 quae,
324 2053 392 2118 siva
404 2054 438 2118 in
454 2055 524 2130 vita,
533 2055 676 2143 Virgilii,
694 2057 762 2120 sive
779 2056 813 2123 iu
831 2057 902 2147 ejus
915 2055 1129 2134 carminibus,
1148 2054 1260 2142 aliquo

146 2155 162 2265 '-
214 2168 316 2236 modo
329 2192 404 2236 cum
418 2171 480 2238 illis
495 2191 572 2238 sunt
584 2174 773 2264 ooujuucta.

260 2285 404 2365 Deinde,
427 2302 464 2355 ut
484 2287 640 2376 iufprimi
663 2288 841 2354 voluminis
864 2288 1072 2377 praefatione‚
1094 2309 1169 2375 pag.
1191 2287 1261 2376 xiij,

215 2399 353 2487 polliciti
368 2417 497 2479 saurus,
513 2401 613 2467 vitam
628 2401 756 2490 Virgilii
771 2403 931 2480 Maronis,
949 2423 1051 2489 quam
1065 2400 1264 2472 clarissimus

217 2513 303 2581 iuter
314 2529 475 2580 nostrates
487 2515 672 2602 professor,
683 2514 819 2582 Carolus
829 2515 874 2581 Le
885 2515 988 2592 Boua,
1004 2515 1185 2602 perfectam
1198 2513 1266 2581 edi·

217 2627 280 2708 dit,
293 2629 446 2696 sinoulla
460 2631 645 2702 mutatione·
655 2631 849 2696 referemus.

262 2742 420 2820 Nunc-ad
442 2747 806 2838 eam„quaeiuscripta
827 2763 875 2813 est
897 2745 970 2810 Tib.
994 2742 1123 2812 Claudii
1142 2745 1267 2812 Donati

219 2859 354 2932 nomina
368 2873 582 2932 transeamus·
597 2863 738 2934 Doctine
750 2863 848 2950 hujus
858 2859 1083 2936 ermanrici,
1097 2858 1194 2948 eujus
1204 2877 1266 2927 ao·

219 2991 378 3060 menprae
391 2997 426 3045 se
439 2975 519 3054 fert,
533 2976 676 3045 ferimur
690 2976 760 3040 lraec
773 2976 853 3070 ¹vita,
869 2989 931 3041 aee
942 2995 1000 3054 ne,
1016 2971 1203 3044 dubitatum
1216 2989 1268 3040 est

219 3112 239 3152 a
252 3090 331 3160 viria
343 3089 462 3171 ductis,
474 3113 584 3180 ¹quium
593 3106 643 3156 tot
650 3091 784 3178 ineptiis
794 3090 849 3154 illa
859 3091 980 3158 referte
992 3090 1043 3158 sit.
1055 3089 1266 3178 Quamquam

220 3219 330 3270 autom
345 3221 473 3271 aratura
485 3203 563 3274 satis
575 3203 715 3290 ineptire
729 3226 858 3292 coepere
874 3203 1098 3282 Grammatici,
1112 3219 1148 3272 et
1157 3205 1267 3269 Dona·

219 3333 273 3378 rus
292 3315 351 3380 hic.
365 3335 444 3406 post,
459 3317 579 3386 lulium
596 3319 778 3397 Donatum,
801 3317 996 3406 Hieronymi
1010 3333 1264 3405 praeoptarem,

221 3429 314 3508 vixit,
330 3446 440 3495 tamen
453 3431 524 3499 hato
534 3432 606 3519 ipsa
617 3433 774 3511 narratio,
789 3453 866 3512 uec,
883 3431 988 3520 qualis
996 3446 1061 3509 est,
1077 3429 1119 3500 ab
1128 3429 1264 3522 bomine

221 3540 320 3604 docto
339 3540 503 3627 proficisci
519 3545 640 3632 potuit,
659 3567 721 3610 aee
739 3561 807 3610 tota
820 3544 990 3632 abaliquo
1006 3543 1104 3631 phua
1118 3542 1263 3614 indocto.

220 3653 390 3743 Equidem,
400 3656 579 3737 iterentur),
595 3659 738 3734 fundum
750 3659 848 3750 hujus
863 3658 1059 3727 narrationis
1069 3657 1187 3724 deberi
1197 3660 1265 3722 Do·

222 3784 308 3846 nato,
320 3790 397 3830 mox
405 3784 516 3834 tamen
527 3794 614 3850 eam,
629 3796 733 3861 quum
743 3773 865 3862 passim
874 3771 1156 3849 transcriberetur,
1164 3767 1263 3833 modo

221 3909 240 3950 a
253 3877 485 3982 grammatitiS,
499 3879 600 3953 modo
612 3913 631 3950 a
640 3886 779 3954 librariis
792 3881 976 3968 monacbiS,
991 3909 1133 3978 quorum
1145 3905 1263 3950 novam

224 4001 678 4090 quisque-narratiunculam,
704 4029 802 4093 quam
825 4004 925 4072 faudo
946 4017 1131 4092 acceperat,
1154 4018 1261 4066 exem·
