2704 4582
294 287 348 351 iu
369 284 608 351 muninus
628 285 722 348 nin.
746 284 809 348 xr.
851 312 852 316 κ
1012 289 1073 372 ι43

58 410 112 484 cis,
123 405 305 492 Tyrrhenis,
320 407 504 483 Arcadibus;
519 419 548 468 et
558 427 664 468 omncs
674 409 759 468 uersis
768 407 873 482 armis,
886 417 921 466 ut
932 409 966 468 in
978 408 1074 472 luctu.

57 497 163 580 Expedit
175 500 366 576 Germanus,
385 520 439 558 cur
454 499 576 560 dicatur
589 501 712 559 Turnus
728 495 842 558 hebere
858 518 945 558 arma
956 515 1077 578 cetere,
1104 517 1110 532 ¹

57 605 134 665 quum
143 583 193 648 lib.
203 589 248 664 X,
261 586 403 648 balteum
415 601 539 648 tantum
549 585 699 647 Pallantis
708 588 830 648 Turnus
840 589 993 669 rapuerit:
1004 592 1079 672 quia

55 670 187 750 videlicet,
206 695 272 734 uno
286 673 409 750 balteo,
427 688 461 734 ut
474 673 669 736 nobilissimo
683 674 802 756 spolio,
822 677 1004 753 nominato,
1023 699 1078 740 cte·

56 771 104 820 tera
112 761 309 845 intelligenda
320 777 412 847 poeta
421 765 539 826 omisit:
552 766 656 844 itaque
663 764 843 824 cumbalteo
853 765 952 825 atalia
960 769 1077 848 rapuit:

57 849 95 908 scd
108 871 170 912 mox
189 853 274 913 idem
289 857 413 920 Turnus
431 875 466 914 ex
484 867 534 916 tot
551 853 658 936 spoliis
678 850 815 931 hastam,
836 868 873 915 ut
890 859 1078 938 praecipuam

57 937 118 997 inter
128 945 157 1000 τὰ
168 945 297 1006 eluenaci
311 945 393 1020 ὅπλοις
409 956 438 1003 et
449 943 586 1025 galeam,
601 955 636 1002 ut
647 943 837 1025 proecipuam
850 944 931 1004 inter
940 949 974 1005 τὰ
986 951 1079 1025 φυλακ-

58 1030 114 1102 ne,
125 1031 271 1092 restituit:
292 1035 357 1094 sive
369 1033 555 1098 liberalitate
566 1047 673 1093 motus
685 1055 692 1092 ι
709 1033 789 1107 sive,
803 1044 838 1092 ut
849 1053 907 1114 ego
921 1035 1080 1110 existimo,

57 1114 125 1196 ilem
136 1124 262 1200 ἀποίνων,
288 1135 325 1182 ut
345 1122 383 1190 de
399 1121 519 1184 Achille
535 1121 676 1204 loquitur
692 1124 786 1183 Hom.
805 1123 844 1182 11.
866 1121 955 1183 llied.
973 1125 1081 1205 ltaque

59 1197 123 1264 hasta
134 1219 160 1268 et
171 1207 257 1289 galea
273 1209 435 1293 redempta
446 1223 520 1272 sunt
530 1212 648 1292 pretio;
663 1224 694 1271 et
706 1209 771 1273 haec
786 1211 895 1271 omnia
908 1215 974 1271 κατὰ
982 1217 1081 1278 σιωπὴν

60 1289 119 1354 lacta
131 1317 188 1358 esse
203 1299 409 1382 intelligenda
421 1311 504 1362 sunt.

88 1379 126 1458 pl.
136 1382 171 1442 ln
182 1387 268 1446 exitu
281 1385 450 1448 adhibetur
458 1387 559 1448 AEneae
569 1389 684 1469 pietas,
699 1388 753 1468 qui
763 1384 949 1468 procedente
958 1385 1083 1463 funere,

62 1465 108 1544 ipse
121 1470 266 1548 substitit,
289 1487 321 1533 et
338 1495 409 1534 oum
428 1476 545 1556 gemitu
559 1475 636 1534 dixit
652 1473 787 1536 Pallanti
803 1485 974 1534 extremum
988 1471 1081 1548 salue,

61 1565 202 1618 extremum
218 1559 301 1636 vole,
320 1560 414 1650 idque
430 1559 586 1636 (eternum,
607 1563 680 1643 quio
696 1557 990 1643 nunquam‘deinde
1010 1581 1082 1621 eum

62 1643 172 1724 risurus,
191 1645 290 1713 et'cui
305 1665 420 1734 paratae
435 1673 452 1712 a
466 1652 538 1714 fatis
557 1652 626 1712 aliae
640 1650 801 1734 lacryma»,
821 1651 883 1712 alia
898 1651 991 1712 bella.
1011 1652 1082 1728 Quo

62 1727 139 1810 dicto,
150 1735 241 1798 funus
253 1741 422 1822 processit,
435 1753 466 1802 et
479 1741 532 1802 ille
544 1740 634 1802 rediit
647 1742 680 1800 in
695 1740 805 1800 urbem
819 1737 858 1799 ad
871 1760 959 1800 snos:
975 1741 1008 1800 in
1021 1760 1083 1820 quo

62 1820 120 1881 urbe
130 1845 189 1886 non
201 1825 320 1904 fuerat,
335 1850 371 1890 ex
385 1849 448 1911 quo
459 1829 499 1894 sd
508 1827 687 1891 Evandrum
699 1831 813 1903 iverat,
827 1840 936 1888 octava
944 1827 1082 1888 AEneide.

92 1929 146 1972 too.
158 1916 249 1977 Eunti
257 1917 363 1980 AEnctc
376 1919 415 1980 ad
425 1940 531 1981 muros
542 1919 635 2000 legati
645 1920 830 1979 Latinorum
840 1915 1081 1999 supplicabundi

65 2013 234 2070 occurrerunt
243 2027 317 2066 cum
324 2009 419 2068 ramis
429 2007 505 2068 oleae
515 2031 522 2068 ι
532 2005 597 2068 haec
607 2008 691 2068 enim
699 2019 775 2068 note
784 2004 1084 2087 unicasupplicum:

89 2159 122 2224 93·
133 2161 208 2218 Verris
218 2167 332 2222 Arcades
342 2170 428 2222 amis.
440 2171 479 2223 lta
489 2171 539 2222 sci·
583 2181 636 2236 est,
655 2181 686 2220 ut
704 2169 784 2238 etiam
800 2164 937 2218 maledicti
953 2165 1084 2238 significa·

66 2233 140 2291 licetin
153 2249 279 2317 exsequiis
289 2248 459 2302 militaribus.
472 2249 537 2318 Stat.
582 2251 684 2302 tionem
696 2246 829 2300 interdum
841 2244 899 2298 vale
911 2245 1046 2312 obtineat,
1056 2259 1087 2298 ut

67 2314 130 2370 Theb.
141 2321 236 2392 lib.Vl,
247 2329 275 2380 in
285 2330 382 2382 funere
393 2330 538 2382 Archemo·
583 2329 738 2393 Terentius,
749 2350 760 2373 α
771 2325 893 2391 Valeant,
905 2327 951 2396 qui
959 2327 1085 2377 internos

68 2397 94 2460 'is
107 2401 183 2454 «Tum
195 2420 299 2478 septem
313 2427 425 2460 numero
438 2421 539 2460 turmas
584 2407 725 2460 dissidium
736 2405 831 2456 volunt
841 2429 869 2470 s,
888 2404 938 2455 hoc
949 2417 1001 2471 cst,
1020 2406 1058 2456 ita
1070 2423 1087 2457 a

68 2473 185 2544 (centenus
202 2485 304 2559 ubique
325 2487 414 2560 Surgit
439 2489 539 2559 eques)
584 2486 663 2539 nobis
684 2483 824 2546 recedant,
844 2496 875 2536 nt
892 2501 1031 2554 nunquam
1052 2483 1088 2535 ad

68 2560 129 2611 tersis
139 2561 232 2618 ducunt
245 2567 397 2639 insignibus
408 2569 459 2640 ipsi
471 2568 540 2620 Gra·
584 2579 706 2619 nostrum
737 2577 906 2618 revertantur
939 2575 1086 2636 aspectum.

68 2633 146 2706 jugere
163 2661 267 2716 reges·
290 2647 377 2699 Tacit.
399 2648 427 2698 in
445 2648 539 2700 funere
584 2648 655 2719 Ergo
675 2663 758 2716 quum
774 2658 880 2697 mortno
898 2643 997 2696 dicitur
1014 2641 1086 2709 vale,

69 2713 204 2792 ὓθῐωᾶῠίεἰ,
223 2727 296 2778 Anu.
314 2728 363 2794 lll,
389 2727 542 2798 «praecede
585 2747 641 2780 non
652 2725 814 2799 etymologia
825 2723 1086 2788 considernndsest,

70 2793 539 2879 bantincorreptasigna,rersifusces.s
586 2806 634 2862 sed
651 2804 832 2871 consuetudo,
850 2803 924 2876 qnod
936 2803 1017 2856 nullis
1031 2802 1089 2858 vale

70 2874 200 2936 dlbinovan,
210 2885 244 2940 ed
253 2886 372 2954 Liviam,
384 2908 395 2934 ι
406 2887 480 2954 Quos
489 2887 544 2958 pri·
587 2887 715 2946 dicimus,
728 2885 780 2936 nisi
792 2883 916 2954 aquibus
929 2880 1087 2934 recedimus.

71 2971 124 3008 nnn
137 2961 186 3014 ridi
199 2966 301 3032 fasces,
318 2967 346 3020 in
363 2967 456 3020 funere
472 2966 542 3033 vidi,
623 2983 665 3036 99.
686 2962 823 3014 Tendebat.
841 2960 942 3014 Eadem
959 2959 1089 3032 significa·

72 3037 242 3113 ttridiversos,
253 3032 437 3117 indiciumque
446 3044 516 3098 mali.
529 3069 540 3093 s
587 3048 661 3099 tione
671 3043 748 3097 eslim
761 3041 858 3094 Graecis
871 3040 925 3092 dici
936 3039 1025 3092 Germ.
1038 3058 1090 3092 no-

72 3112 145 3170 Adhuc
157 3123 225 3193 apud
241 3139 348 3178 nostros
362 3125 473 3178 inolevit
487 3125 543 3178 haec
588 3139 641 3191 tst,
662 3143 724 3178 nam
744 3123 835 3192 Eurip.
854 3117 1004 3190 Supplioib.
1024 3115 1043 3170 ci
1064 3119 1089 3170 Γ

74 3201 375 3268 consuetudo,ntinohitu
383 3204 468 3270 ducis,
475 3223 547 3258 erer-
588 3205 668 3260 imitor
681 3202 710 3259 ric
721 3199 807 3258 πόλις.
823 3198 911 3254 Cerdo.

74 3271 123 3327 (Μ
132 3291 154 3330 et
161 3281 251 3338 milites
261 3285 361 3338 vexillis
369 3285 546 3342 humumver·
628 3301 686 3341 100.
698 3284 822 3338 Oratores.
829 3279 933 3351 Legati:
942 3297 1091 3349 operorau·

74 3366 130 3420 ’ω’
140 3373 163 3410 et
173 3362 280 3416 inversis
292 3365 449 3436 cuspidibus
462 3365 545 3417 haste
589 3365 625 3418 do
639 3382 689 3435 pro
706 3359 846 3433 republica
857 3359 1000 3420 nominati3
1017 3357 1092 3431 quod

76 3429 208 3494 huncum
219 3445 422 3517 trahenturque.
437 3445 526 3499 cerda.
590 3443 718 3508 orabant,
730 3440 823 3505 idest,
836 3438 966 3511 agebant:
978 3439 1051 3492 unde
1064 3451 1092 3493 et

100 3529 134 3584 97-
145 3521 216 3576 Solve
226 3535 349 3578 mum
359 3525 426 3578 milri
432 3563 439 3589 ,
453 3542 546 3577 mm·
590 3537 695 3581 actores
712 3537 854 3575 causarum
872 3530 981 3572 oratores
999 3519 1091 3592 appel·

76 3595 546 3678 'l‘l’ellsAEternumquevatevcrro
591 3604 772 3675 lentur-Seru.

77 3671 169 3735 illlbt'ss
181 3683 349 3759 Logistoricis
364 3687 442 3752 dicit,
462 3685 547 3741 tideo
631 3699 689 3738 tot.
703 3681 731 3737 V
728 3679 791 3732 etati
804 3678 883 3732 ramis
893 3675 964 3732 oleoe.
974 3677 1037 3730 Non
1046 3697 1092 3730 co·

79 3762 166 3814 ”limis
182 3765 255 3820 Salve
277 3782 303 3820 et
320 3767 386 3822 Vale
406 3767 475 3834 dici,
493 3785 549 3820 non
594 3765 756 3828 ronati,nec
764 3761 834 3812 enim
841 3758 962 3830 lugentes
969 3755 1093 3826 decebat,

79 3837 285 3916 ltedaurvatere,
292 3862 338 3906 aut
346 3849 412 3904 salvi
421 3866 478 3904 esse
487 3867 550 3920 pos·
594 3859 624 3898 nt
644 3846 691 3915 qui
706 3860 756 3914 pro
772 3842 882 3894 mortuis
899 3838 1092 3910 precabantur,

79 3913 130 3985 ‘llis
141 3925 184 3978 'td
197 3929 269 4000 quod
280 3931 315 3984 ab
328 3929 370 3982 his
386 3929 550 3994 recedimus,
595 3923 642 3978 sed
658 3923 781 3976 instructi
794 3933 821 3973 et
834 3921 938 3972 ornati:
956 3916 984 3968 id
998 3932 1051 3984 est,
1065 3921 1094 3972 in

80 4009 114 4048 ‘⁰¹
124 4017 242 4078 ¹¹²⁸un
252 4011 345 4064 vuum.
357 4033 368 4058 ι
382 4010 451 4062 Hinc
464 4022 552 4064 ortum
595 4003 719 4059 menilm
731 4002 807 4056 olivae
819 4016 908 4054 remos
917 3999 1047 4054 ferentes:
1060 4000 1096 4050 si·
