2720 4588
301 323 353 384 m
377 319 614 385 eumnos
638 322 731 386 uie.
756 325 842 388 xri.
1031 341 1089 420 241

53 440 118 518 dus,
131 454 161 502 et
173 442 305 503 turbidus
319 443 452 503 ardentes
470 442 569 503 oculos
589 445 670 504 torsit
683 445 723 503 ad
741 450 861 522 maenia,
879 449 907 509 et
923 429 1021 514 urbem
1042 481 1098 518 res·

50 534 129 610 pexit.
136 532 268 592 Natetur
275 534 481 616 signatissime
491 533 652 607 circuitio,
664 533 815 596 oculorum
827 538 915 615 arbes,
924 545 995 622 quia
1008 551 1094 612 torsit.

86 622 155 701 672.
167 623 307 708 Accqssit
318 643 398 681 nova
410 621 544 696 doloris,
555 632 584 680 et
594 623 711 682 irarum
719 644 809 684 causa
817 647 853 684 ex
864 629 937 688 visis
947 630 1095 710 llammis,

54 729 115 788 quae
130 709 277 770 undatim
292 724 322 770 et
339 713 501 771 vorticosae
520 709 661 770 tabulata
681 713 775 772 turris
795 715 984 794 invaserant,
1002 743 1096 802 quam

52 798 165 860 Turnus
188 787 307 882 ipse¹ex
324 803 466 862 trabibus
489 813 688 881 compegerat
704 801 911 886 eduxeratque
934 810 965 866 in
984 813 1096 873 miram

53 888 264 966 altitudinem,
288 891 420 951 subditis
441 893 535 965 rotis,
559 905 594 949 nt
617 889 743 950 facilius
766 909 873 973 posset
899 897 980 957 trahi
1003 901 1097 964 adea

52 975 127 1052 loca,
141 981 256 1060 quibus
270 979 367 1042 hostis
384 981 535 1055 instabat,
551 979 772 1061 substratisque
784 986 936 1063 pontibus
952 988 990 1047 ad
1004 1011 1095 1074 usum

54 1080 331 1148 propugnatorum.

15 1197 16 1240 1
85 1153 151 1233 676.
171 1156 231 1214 Pro
247 1154 454 1236 explicatione
469 1155 531 1212 sint
546 1152 639 1212 verba
655 1155 715 1212 ista
733 1154 878 1236 Scaligeri
898 1158 951 1218 lib.
966 1161 993 1220 3.
1011 1165 1098 1230 Poet.

15 1907 17 1946 l

55 1261 178 1324 capno:
192 1265 258 1303 non
271 1242 384 1324 dejecit
394 1246 536 1302 animum
549 1243 593 1302 rei
606 1241 791 1318 difficultas,
804 1247 853 1304 sed
869 1247 1077 1312 inflammavit
1090 1277 1097 1312 :

55 1334 186 1391 estenim
206 1333 266 1391 viri
277 1333 376 1392 ¹fortis
394 1333 575 1413 proprium,
590 1330 712 1390 nullum
735 1333 784 1391 vel
803 1330 917 1410 fatum,
933 1335 981 1396 vel
998 1339 1099 1400 fortu-

55 1441 119 1478 nam
134 1420 319 1496 detrectare,
333 1423 428 1482 etiam
445 1421 649 1480 deteriorem:
670 1419 787 1480 ideirco
802 1421 866 1481 fata
883 1442 1045 1506 superant;
1061 1451 1100 1490 ne

56 1515 178 1572 moreris
192 1533 257 1588 me3
268 1533 436 1594 sequamur
448 1533 511 1592 quo
522 1513 604 1571 Deus
618 1525 726 1588 vocat,
742 1534 805 1593 quo
821 1513 966 1591 fortuna,
979 1520 1101 1581 etiamsi

56 1599 141 1660 dura:
155 1601 210 1662 sed
227 1623 296 1682 quae
316 1601 381 1662 haec
401 1601 477 1662 dura
492 1601 634 1682 fortuna?
651 1601 725 1661 audi
743 1615 825 1662 :stat
837 1605 965 1686 coriferre
979 1628 1100 1669 manum

54 1691 174 1752 AEneae:
198 1690 329 1766 deinde3
348 1705 405 1752 stat
425 1694 488 1772 pati
514 1690 653 1772 quicquid
674 1705 718 1752 est
738 1691 834 1751 acerbi
857 1715 864 1750 ε
884 1709 915 1752 at
939 1698 1100 1775 quomodo

54 1780 129 1857 pati?
140 1793 234 1840 marte
247 1781 365 1861 inquit3
381 1791 413 1840 ut
427 1778 585 1860 profecto,
600 1779 689 1838 addit
702 1779 853 1859 Scaliger,
869 1785 988 1862 quaties
1004 1805 1039 1844 ea
1055 1787 1099 1848 le-

57 1884 105 1946 go,
123 1867 241 1930 horror
258 1871 400 1930 animum
416 1881 560 1950 occupet3
580 1869 693 1928 deinde
706 1870 847 1950 impellat
862 1872 899 1932 ad
911 1873 995 1934 idem
1011 1897 1102 1956 agen·

57 1955 126 2018 <lum
141 1982 148 2017 ε
164 1973 259 2040 atque
272 1961 367 2019 etiam
383 1963 470 2041 quasi
491 1961 524 2018 iu
539 1960 607 2039 ipsa
629 1971 744 2020 statuat
759 1963 893 2038 actione,
914 1961 1032 2043 adjicit3
1052 1991 1105 2030 nec

58 2071 98 2109 me
117 2051 283 2110 indecorem
297 2073 440 2132 qermana
458 2049 565 2110 videbis
579 2049 715 2131 amplius.
730 2050 788 2112 Sed
804 2052 879 2132 quid
898 2053 995 2114 illud?
1009 2054 1103 2137 bunc,

58 2160 116 2214 oro,
130 2143 195 2200 sine
208 2141 359 2224 mesurere
371 2153 438 2200 ante
445 2141 589 2224 furorem.
607 2141 728 2198 Servius
745 2141 788 2199 ita
808 2142 867 2200 ait:
884 2165 899 2196 a
911 2143 965 2201 Est
982 2165 1105 2225 sensus,

58 2229 118 2288 sine
133 2227 285 2288 bellicum
306 2228 446 2288 furorem
468 2228 570 2288 furere
590 2226 710 2288 seilicet
728 2230 913 2308 priusquam
933 2230 970 2292 ad
988 2233 1102 2296 AEnean

15 2347 16 2400 3
57 2317 191 2391 veniam,
203 2317 271 2374 sine
283 2328 461 2398 utpugnam
472 2327 576 2374 mente
586 2315 775 2393 concipiam,
786 2327 816 2372 et
826 2315 992 2374 instructus
1001 2318 1106 2382 furore

15 2405 16 2424 ¹
57 2401 92 2460 acl
106 2401 190 2488 bella
209 2423 426 2485 prorumpam.
438 2428 452 2458 a
469 2403 539 2462 Non
557 2401 662 2482 placet
679 2399 761 2460 istud
781 2399 936 2480 depugna
955 2421 1104 2487 concepta

57 2491 86 2550 in
95 2503 216 2553 me'nte:
229 2494 545 2576 certefuroremvocet
555 2493 707 2573 impetum
716 2487 807 2548 illum
817 2491 1107 2576 invadendiAEneae,

59 2603 150 2662 quum
164 2583 340 2664 suspicetur
355 2603 388 2642 se
403 2584 609 2642 moriturum:
624 2593 654 2640 et
667 2579 793 2662 quidem
805 2580 829 2638 is
839 2582 1011 2662 suspicatus
1024 2600 1102 2646 certe

15 2701 16 2736 ς
59 2683 97 2728 est
112 2670 151 2730 ab
169 2670 233 2729 illis
243 2714 251 2744 ,
262 2683 320 2731 stat
329 2673 394 2751 pati
398 2683 494 2738 ‚marte
504 2691 620 2728 omnem
632 2669 834 2729 acerbitatem:
847 2689 921 2748 ergo
936 2672 992 2746 ait3
1007 2675 1106 2752 prius-

15 2783 16 2812 t
59 2778 148 2838 quam
165 2760 298 2834 moriar,
319 2760 385 2817 sine
402 2778 451 2816 me
467 2755 588 2830 furere3
606 2757 673 2814 sine
690 2775 740 2814 me
753 2756 786 2813 in
801 2753 921 2815 hostem
938 2777 1039 2830 ruere3
1056 2761 1106 2817 ab·

15 2861 16 2866 ’
59 2846 129 2904 siste
149 2867 168 2904 a
183 2865 291 2904 mora:
309 2858 353 2904 est
366 2846 450 2904 enim
468 2845 621 2902 maximus
642 2840 731 2901 furo'r
742 2861 831 2899 ruere
843 2840 882 2898 ad
896 2842 1108 2904 voluntariam

61 2948 207 3010 mortem,
228 2933 311 2994 etad
328 2933 466 3010 hostem,
483 2933 535 2992 ubi
552 2931 641 2992 nulla
655 2943 701 2990 est
717 2949 783 3011 spes
797 2931 948 3003 victoriae3
961 2929 1012 2989 sed
1026 2949 1109 2992 certa

15 3021 16 3026 ’
62 3027 166 3085 mortis
182 3027 382 3104 exspectatio.

15 3139 16 3184 g
96 3114 164 3172 681.
178 3114 326 3194 Sequitur
337 3111 402 3193 jam
418 3112 517 3185 furor,
533 3131 626 3191 quem
640 3110 735 3168 furit:
748 3126 820 3168 nam
833 3106 978 3166 desiliens
988 3127 1005 3165 e
1016 3128 1108 3170 curru

15 3189 16 3276 l
63 3201 98 3260 ad
113 3213 249 3262 mortem
262 3201 418 3263 convolat
432 3223 484 3282 per
496 3199 600 3274 hostes,
613 3222 666 3282 per
682 3197 751 3272 tela,
769 3220 821 3282 per
833 3198 968 3276 aqmina,
984 3209 1013 3254 et
1025 3219 1110 3261 cursu

62 3291 177 3369 rapida,
200 3311 235 3349 ac
255 3289 374 3349 deserta
396 3308 524 3362 sorore,
544 3307 613 3367 quae
635 3287 668 3346 id
686 3286 836 3366 temporis
855 3281 1028 3343 remedium
1045 3301 1111 3347 erat

62 3380 198 3438 unicum.
208 3377 304 3448 Vide,
318 3399 359 3436 an
374 3398 445 3437 vere
457 3375 611 3444 insaniat?

98 3468 167 3542 684.
182 3467 397 3528 Illustrissima
410 3467 606 3548 comparatio
619 3487 626 3522 :
646 3483 756 3522 saxum
768 3462 831 3522 ruit
845 3459 883 3520 de
895 3476 1021 3538 ¹monte3
1034 3466 1110 3526 Tur·

94 3647 154 3716 674.
174 3647 288 3698 Turrim.
306 3648 346 3699 De
362 3647 414 3700 hae
428 3647 491 3700 belli
507 3667 563 3708 ma·
609 3658 664 3698 tam
679 3644 825 3714 respexisse
838 3641 873 3694 ad
884 3646 1034 3712 posteriora
1045 3657 1112 3697 tem·

63 3725 141 3778 chine
151 3729 269 3778 otiosum
279 3725 356 3796 loqui
365 3729 394 3778 in
404 3740 478 3780 tanta
487 3727 546 3779 luce
556 3745 562 3778 ε
610 3744 686 3797 pore.
698 3724 849 3792 C.-Quam
855 3721 978 3773 eduxerat
985 3724 1044 3795 ipse.
1053 3723 1110 3777 Sci-

64 3808 207 3877 scriptores
227 3805 428 3860 ambulatorium
447 3820 545 3860 vocant
560 3829 565 3858 ι
612 3804 675 3856 licet
686 3803 760 3874 quod
770 3804 794 3854 ei
806 3805 934 3872 majorem
946 3804 1055 3855 creabat
1065 3806 1114 3857 do-

65 3899 143 3954 poeta
151 3886 232 3956 hujus
237 3883 569 3958 ssddtatrsatisnotevitper
614 3885 708 3936 larem.
726 3883 848 3936 Graviter
861 3883 930 3934 enim
944 3883 1078 3950 dolemus,
1092 3889 1114 3940 si

63 3964 226 4017 rotaecredo
233 3964 397 4036 hujususum
402 3965 573 4018 nullumfuis·
615 3965 703 4037 perire
715 3962 853 4016 videamus
863 3961 909 4015 illa
919 3982 977 4034 quae
987 3965 1098 4018 fecimus
1108 3989 1113 4016 :

67 4046 573 4122 aeinnntiqrtaaevolleroum,sedpoe·
616 4045 750 4098 Eduxerat
767 4057 872 4111 autem,
891 4045 919 4094 in
937 4043 1019 4096 altum
1034 4044 1115 4097 fabri·
1164 4115 1165 4118 Ἴ

141 4149 167 4203 7.
586 4177 587 4181 ,
898 4133 928 4184 15
