2704 4582
312 319 365 382 IN
389 312 625 382 AENEIDOS
648 319 744 383 LlB.'
767 319 830 385 XI.
1033 326 1088 396 161

83 444 153 506 336.
170 441 373 504 Describitur
385 442 517 500 Drances
531 461 548 498 a
563 441 702 502 moribus
712 465 719 515 ;
729 437 795 523 jain
809 445 932 507 invidus
946 451 1095 516 infensus·

45 555 103 613 que
113 535 241 608 Turno,
252 544 284 590 et
295 528 362 589 odii
377 528 513 598 stimulis
523 530 670 610 agitatus,
683 544 712 588 et
724 531 819 608 infra,
827 549 928 614 potens
938 541 1093 606 seditione.-

47 635 75 678 et
87 619 163 680 idem
180 621 241 693 ait,
254 619 330 700 quia
341 617 494 698 praecessit
507 637 570 678 non
580 617 680 676 multo
694 631 778 694 ante,
794 623 928 702 inqrauat
938 626 1096 694 hoecsoevus

47 712 195 769 Drances:
209 706 324 770 deinde
339 707 377 764 ab
391 705 518 786 opibus,
533 726 666 786 quarum
680 706 841 769 abundans
857 727 888 772 et
903 713 1016 797 lamus:
1029 735 1094 782 ter-

47 798 100 872 tio,
115 795 157 856 ab
172 795 372 876 eloquentia3
390 814 462 852 nam
475 794 529 874 qui
543 814 640 874 opum
655 794 778 875 largus,
795 810 900 861 tamen
919 801 1020 886 linqua
1032 811 1095 872 lar.

47 889 120 964 glor,
135 899 167 946 et
181 882 303 944 melior:
318 898 447 962 quarto,
462 883 500 940 ab
514 883 653 960 ignavia,
666 885 741 964 quia
749 885 863 966 sn'qida
876 887 950 950 bello
961 894 1094 959 dexteru:

50 975 172 1052 quinto,
189 995 207 1030 a
221 968 406 1051 prudentia;
422 988 495 1026 nam
506 965 619 1028 habitus
628 973 915 1054 auctornonfatttis,
928 1000 984 1041 nec
996 1001 1096 1049 vanus

50 1060 193 1120 consiliis:
204 1069 306 1130 sesto,
318 1078 335 1114 a
346 1076 473 1134 genere,
484 1055 570 1136 quod
582 1056 812 1118 nobilissimum
823 1081 840 1118 a
852 1078 968 1142 matre,
980 1074 1097 1156 quippe

51 1169 148 1208 sorore
160 1147 285 1219 Latini3
298 1143 514 1203 humillimum
525 1157 649 1225 apatra,
660 1149 778 1227 quippe
790 1149 919 1226 incerto,
931 1170 961 1213 et
970 1165 1097 1239 rustico,

50 1253 79 1297 ut
90 1242 193 1297 aiunt.
207 1237 269 1295 Hic
282 1255 371 1314 ergo,
384 1232 432 1292 his
445 1234 509 1295 sive
518 1237 617 1309 vitiis,
631 1237 695 1294 sive
709 1237 876 1297 virtutihus
889 1244 1018 1322 nobilis,
1030 1272 1097 1310 sur.

52 1331 134 1402 rexit,
155 1324 362 1387 acerbissime
382 1323 519 1385 dicturus
541 1327 573 1382 in
592 1328 752 1384 Turnum:
773 1342 866 1408 poeta
884 1335 978 1410 mire,
997 1314 1099 1403 onerat

53 1415 140 1488 dictis,
156 1418 218 1474 iras
233 1427 362 1496 apparat.

85 1502 152 1578 343.
168 1493 373 1567 Praecesserr'rt
388 1503 420 1560 in
436 1499 579 1561 oratione
593 1500 696 1560 Latini
710 1502 748 1562 de
760 1518 862 1587 strage
876 1530 1006 1591 magna3
1020 1518 1099 1580 Ante

55 1591 161 1666 oculos,
177 1595 309 1672 interque
321 1612 426 1649 manus
435 1604 501 1650 sum
513 1591 612 1649 omnia
622 1601 742 1650 vestras:
755 1610 828 1674 ergo
838 1596 986 1676 Drances,
997 1625 1099 1667 consu-

9 1725 11 1740 ,
56 1679 83 1740 lis
91 1701 150 1741 rem
161 1677 243 1740 nulli
254 1679 406 1740 obscuram
412 1725 421 1754 ,
440 1701 492 1740 nec
503 1693 631 1761 epentem
642 1693 746 1740 nostre
755 1686 847 1743 uocis:
858 1707 931 1746 nam
946 1696 1043 1752 cuncti
1046 1696 1100 1777 sa·

9 1761 10 1770 ’
56 1783 182 1830 tenturse
193 1771 269 1828 scire
282 1789 353 1850 quae
368 1770 421 1843 sit,
437 1783 467 1827 et
483 1767 645 1851 quidferat
656 1769 776 1844 fortuna
791 1771 893 1853 populi
896 1799 908 1847 ,-
922 1777 975 1835 sed
990 1781 1101 1840 irruent

9 1909 11 1944 ἶ
55 1861 212 1932 Turnum3
237 1880 311 1918 narn
333 1857 393 1918 hoc
417 1872 477 1932 est,
500 1871 629 1918 mussant
651 1851 752 1918 dicere.
773 1860 855 1942 Ergo
876 1861 924 1924 det
943 1864 1102 1931 libertatem

53 1949 153 2025 (notat
167 1947 330 2028 παρῥησιαν)
336 1946 426 2029 sandi
430 1972 442 2020 ;
457 1959 484 2006 et
487 1947 582 2030 flatus
593 1949 697 2026 (notat
707 1953 825 2028 φύσὴμα,
838 1971 909 2032 qaae
921 1975 980 2015 vox
994 1958 1031 2016 ad
1048 1980 1101 2018 su-

54 2038 189 2115 perbiam
205 2034 359 2114 trahitur)
371 2039 510 2110 remittat,
526 2037 552 2094 is
569 2034 605 2096 ob
621 2040 703 2116 cujus
720 2037 879 2119 infaustum
896 2047 1058 2124 auspicium
1074 2061 1103 2108 et
1145 2071 1148 2075 ·

9 2177 10 2198 ,
56 2145 138 2185 arares
152 2128 286 2185 sinistros
299 2127 528 2205 (suppresserat
543 2126 599 2183 ista
611 2123 783 2185 verecunde
796 2130 937 2188 oratione
948 2153 1003 2192 sua
1017 2137 1101 2194 Lati·

9 2213 10 2264 l
56 2234 120 2290 nus,
138 2214 270 2295 evulgat
283 2217 420 2275 Drances
432 2215 512 2274 nihil
528 2218 669 2274 Turnum
684 2217 811 2294 curans)
827 2217 955 2279 videmus
970 2225 1100 2284 cecidisse

9 2285 10 2309 ¹
57 2315 90 2362 tot
104 2305 218 2365 ducum
236 2302 365 2378 lumina,
384 2303 481 2365 urbem
500 2303 578 2364 luctu
594 2301 765 2376 consedisse,
783 2305 854 2365 dum
872 2307 1008 2369 misellus
1027 2315 1101 2387 iste,

56 2411 114 2450 non
135 2394 267 2473 quidem
293 2394 429 2469 invadit,
450 2407 485 2452 ut
506 2394 635 2452 decebat
656 2394 832 2473 Principem
856 2398 1025 2472 exercitus,
1046 2399 1101 2458 sed

10 2527 11 2536 ,
55 2491 172 2540 tantum
191 2495 284 2541 tentat
298 2482 392 2541 castra
412 2483 512 2555 Troia,
533 2501 597 2540 non
612 2481 736 2554 virtuti,
756 2479 809 2539 sed
819 2481 1025 2562 suptcfidens:
1041 2507 1098 2546 nec

58 2588 121 2629 rara
140 2572 262 2652 praebet
280 2570 476 2631 fortitudinis
496 2570 655 2652 exempla,
676 2583 798 2629 tantum
821 2563 1048 2634 ostentabunde
1068 2592 1113 2635 et·

58 2653 184 2718 futiliter
194 2657 298 2719 caelum
309 2662 398 2718 armis
412 2662 536 2732 territat,
549 2673 586 2718 ut
598 2659 699 2718 solent
711 2659 800 2738 pueri
815 2659 915 2718 minas
923 2655 1051 2740 jactare.
1063 2661 1102 2723 In

58 2744 229 2823 parenthesi
248 2745 315 2822 illa,
332 2750 454 2827 (Dicam
471 2747 619 2828 equidem,
639 2745 704 2806 licet
718 2767 803 2804 arma
820 2745 907 2820 mihi,
925 2761 1101 2832 mortemque

59 2835 204 2911 mindun)
217 2834 397 2896 ostendisse
412 2837 516 2894 virum
529 2849 724 2895 constantem
737 2853 794 2914 pro
805 2834 942 2894 utilitate
955 2839 1057 2915 regni,
1070 2853 1103 2896 ut

57 2923 104 2998 qui
121 2924 220 2981 vitam
238 2925 334 2982 ctiam
352 2937 480 3004 paratus
497 2925 538 2982 sit
556 2925 696 2982 amittere
712 2941 768 3001 pro
785 2923 893 3000 patria.
912 2923 969 2980 Sed
989 2943 1045 2981 cur
1064 2923 1102 2982 de

58 3007 173 3086 Turno,
185 3013 347 3094 infaustum
356 3014 539 3094 aruspicium?
549 3015 684 3094 imputat
693 3009 753 3069 hoc
765 3009 812 3068 illi
822 3011 975 3084 DranceS,
987 3011 1030 3068 ait
1039 3012 1105 3070 Ser-

59 3099 138 3173 vius,
155 3112 192 3157 ut
210 3097 323 3159 liberet
341 3100 496 3181 populum
511 3101 550 3158 ab
566 3101 706 3180 ignavia:
727 3097 858 3178 perinde
875 3117 909 3154 ac
926 3097 952 3154 sl
971 3097 1102 3156 diceret:

61 3177 221 3241 fortissimi
236 3201 308 3246 sunt
320 3187 405 3262 Itali,
418 3202 449 3246 et
464 3188 636 3262 vincerent,
652 3189 712 3245 nisi
726 3188 808 3246 irent
819 3184 856 3240 ad
870 3181 988 3239 bellum
1000 3186 1104 3263 auspi-

85 3303 145 3358 336.
154 3307 223 3358 Tum
229 3309 342 3363 Drances
348 3310 559 3364 idem.Videlieet
638 3310 698 3380 347.
715 3295 791 3379 Cujus
803 3307 834 3356 ob
846 3307 991 3376 auspicium
1004 3307 1103 3378 infaus-

62 3387 560 3462 quisupraapudAEneanegeratDran·
605 3402 669 3442 tum.
682 3387 814 3440 Invidiosa
824 3385 908 3436 Turni
921 3379 1047 3456 auspiciis
1057 3389 1103 3437 im·

61 3465 93 3513 cis
114 3478 141 3515 et
160 3467 245 3517 Turni
267 3468 406 3520 altercatio
431 3469 559 3539 (auctore
604 3482 694 3540 putat,
706 3466 779 3538 quod
788 3479 877 3518 tantus
887 3464 997 3536 perierit
1006 3469 1105 3518 exerci-

62 3539 175 3598 Macrob.
196 3547 244 3598 lib.
262 3549 294 3612 V,
309 3549 342 3620 a)
361 3552 442 3602 refert
462 3553 560 3602 Home·
604 3563 661 3611 tus;
679 3567 710 3600 ac
726 3549 748 3598 si
765 3545 878 3607 diceren
896 3548 918 3597 si
935 3546 1011 3597 malis
1023 3559 1050 3622 et
1061 3549 1104 3598 in-

14 3659 16 3682 ,
63 3621 106 3670 rici
115 3625 226 3678 Achillis
237 3640 263 3679 et
273 3629 484 3700 Agamemnonis
497 3649 560 3681 con·
604 3630 699 3681 faustis
715 3628 767 3678 tuis
782 3626 915 3677 ominibus
930 3645 985 3678 non
998 3626 1106 3698 egrede-

64 3701 212 3752 tentionem,
228 3707 508 3779 Taubm.-Obliqua
520 3710 561 3758 in·
606 3722 713 3772 rentur,
730 3721 840 3778 possent
854 3708 966 3758 forsitan
978 3725 1106 3778 superare
1186 3757 1195 3775 ,

66 3779 137 3830 vidia.
155 3782 212 3832 Hoc
227 3793 280 3848 est,
298 3791 410 3852 quinon
424 3802 561 3860 exaperta
606 3790 712 3838 virtute.
730 3783 798 3836 Sane
811 3784 949 3838 sciendum
961 3797 1013 3848 est,
1033 3783 1105 3838 hunc

67 3859 235 3930 impugnabat
244 3861 380 3911 Turnum:
393 3867 507 3914 sedeam
514 3869 563 3914 rei-
607 3867 739 3913 Dranoem
756 3868 902 3930 exprimere
921 3863 1049 3932 quicquid
1062 3883 1108 3916 ra·

68 3939 174 4007 publicar
186 3941 313 3994 simulata
326 3940 482 3994 defensione
492 3941 563 3996 lace·
607 3941 724 3994 necunde
738 3941 871 3993 celaverat
881 3941 999 3993 Latinus.
1008 3972 1042 3981 -
1050 3947 1107 3994 Mo·

70 4018 148 4072 rabat.
159 4021 230 4074 Serv.
608 4041 645 4076 res
655 4021 766 4074 sinistros
771 4043 780 4084 ,·
790 4019 884 4100 Latino
895 4023 1052 4074 contrarios.
1065 4023 1092 4074 S.

133 4125 155 4177 7.
322 4159 324 4166 χ
751 4161 756 4171 ,
919 4125 946 4160 ιι
