2726 4592
268 305 273 308 ·
355 280 905 380 sucronenrrnrau.
1027 305 1145 387 'aa

102 432 223 494 affectu
235 433 387 508 imbutos,
400 432 544 494 deiecisse
555 434 669 510 fertur,
682 457 716 496 ac
728 435 808 498 dena
820 443 959 501 sestertia
974 461 1032 522 pro
1047 445 1152 524 singu·

3 537 5 552 ’
101 519 143 580 lis
163 519 305 582 versibus
325 523 541 602 Virgiliodari
553 521 695 603 jussisse:
713 545 814 606 neque
832 548 906 588 vero
923 529 1074 590 recitabat
1091 532 1152 590 eui-

103 633 201 694 quam
214 611 365 694 Virgilius
380 615 439 672 nisi
454 614 586 688 invitus,
606 627 637 675 ct
651 635 687 673 ea
701 613 764 674 fere
779 615 944 698 dequibus
959 618 1153 703 ambigebat,

89 712 138 782 'ut
149 699 307 782 judicium
320 701 488 761 hominum
502 701 689 783 exploraret,
712 725 811 786 quum
825 728 892 767 non
906 722 970 768 tam
984 710 1107 772 laudari
1121 733 1152 774 se

103 802 246 870 cuperet,
261 811 354 872 quarn
366 789 433 850 fieri
448 785 651 850 laudabilem.

17 952 21 958 ,
144 880 202 939 Sex
217 882 403 960 posteriores
418 878 516 939 libros
531 877 740 959 quadriennio
758 881 909 943 confecit:
927 907 1002 947 nam
1018 909 1036 947 a
1052 899 1154 948 morte

100 967 242 1028 Marcelli
262 983 309 1029 tot
326 969 393 1029 fere
414 970 490 1028 anni
509 967 637 1028 suntad
656 969 688 1028 id
706 981 844 1054 ternpus,
856 994 928 1056 quo
947 977 981 1036 in
999 977 1154 1048 Graeciam

3 1083 4 1142 }
99 1058 259 1139 profectus
270 1073 324 1119 est.
337 1059 376 1118 Et
388 1079 461 1118 sane
471 1059 505 1116 in
515 1059 551 1117 iis
561 1057 649 1116 libris
661 1057 806 1140 quaed'am
816 1076 889 1121 sunt
899 1063 1004 1125 minus
1014 1079 1154 1141 matura,

99 1159 133 1206 et
147 1167 218 1228 quae
231 1147 381 1208 leviorem
395 1167 523 1228 operam
538 1159 685 1226 arguunt.
703 1147 857 1208 Absoluto
873 1147 1002 1210 tandem
1017 1153 1105 1234 operi
1119 1165 1155 1214 ut

100 1236 250 1296 ultimam
264 1259 394 1297 manum
409 1239 599 1318 imponeret,
621 1237 655 1296 in
669 1237 823 1296 Graeciam
836 1241 1010 1322 navigavit,
1030 1239 1087 1300 ubi
1098 1261 1155 1322 per

102 1327 204 1384 otium
222 1325 335 1388 abdere
352 1347 383 1386 se
400 1339 502 1386 totum
525 1327 559 1384 in
581 1325 681 1384 literis
697 1340 814 1406 posset.
830 1327 887 1388 Sed
901 1351 999 1410 quum
1013 1331 1154 1409 Augusto

101 1433 140 1473 ex
156 1414 259 1473 insula
275 1413 382 1490 Samo,
403 1415 458 1474 ubi
475 1412 681 1486 hiemaverat,
701 1415 834 1472 Romam
848 1418 1016 1476 revertenti
1028 1415 1156 1476 Athenis

101 1505 298 1580 occurrisset,
318 1525 469 1564 unacum
486 1525 522 1564 eo
540 1501 641 1563 redire
658 1504 782 1580 statuit3
801 1503 1021 1588 Megaramque
1033 1503 1155 1566 visendi

3 1643 4 1650 ,
100 1611 198 1652 eausa
214 1591 386 1673 profectus,
404 1593 438 1652 in
452 1594 522 1674 ipso
537 1591 650 1652 itinere
662 1587 790 1672 langore
802 1608 976 1676 correptus,
995 1607 1084 1654 aucta
1101 1613 1156 1674 per

3 1739 5 1746 s
99 1677 337 1762 navigationem
347 1678 539 1757 valetudine,
549 1677 761 1740 Brundusium
770 1683 821 1740 vix
832 1683 968 1765 appulit,
977 1683 1032 1742 ubi
1043 1681 1154 1742 diebus

99 1776 213 1855 paucis
226 1771 307 1834 obiit
319 1773 441 1833 decimo
454 1771 523 1832 Kal.
540 1771 651 1832 Octob.
665 1782 756 1830 natus
773 1793 873 1833 annos
891 1773 943 1848 50,
962 1795 1086 1834 menses
1105 1795 1155 1848 11,

102 1863 171 1924 dies
189 1887 218 1947 7.
238 1865 271 1924 C.
291 1865 397 1924 Sentio
416 1864 585 1924 Saturnino
606 1873 637 1922 et
655 1860 693 1938 Q.
710 1863 855 1922 Lucretio
870 1863 1051 1946 Vespillone
1070 1865 1173 1924 Coss.r

101 1972 202 2032 quum
217 1954 342 2034 gravari
357 1971 388 2011 se
401 1949 512 2010 morbo
525 1951 667 2025 sentiret,
682 1949 796 2008 scrinia
808 1970 889 2033 saepe
902 1950 1070 2032 flagitavit,
1089 1971 1154 2010 cre·

101 2053 246 2100 maturus
259 2037 406 2101 AEncida:
421 2039 535 2121 quibus
549 2039 682 2118 negatis,
696 2049 880 2099 testamento
893 2038 1039 2099 comburi
1048 2037 1156 2120 jussit,

100 2129 222 2210 quippe
241 2120 479 2190 inemendatam¹
492 2140 522 2187 et
543 2125 769 2208 imperfectam.
790 2127 848 2187 Sed
867 2129 977 2188 Tuccae
997 2130 1156 2210 Varioque

101 2219 321 2294 monentibus,
339 2217 372 2278 id
387 2219 558 2298 Augustum
573 2216 704 2274 minime
715 2217 954 2296 permissurum,
973 2219 1086 2298 scripta
1100 2238 1157 2278 sua
1241 2241 1243 2244 ·

102 2330 141 2369 ea
155 2307 339 2370 conditione
351 2308 483 2390 legavit,
502 2303 631 2388 nequid
646 2303 810 2381 adderent,
828 2328 863 2368 ae
874 2328 979 2366 versus
991 2309 1084 2365 etiam
1098 2307 1156 2364 im-

3 2457 4 2480 ,
101 2395 270 2481 perfectos,
283 2402 308 2460 si
319 2401 373 2482 qui
384 2413 497 2476 essent,
506 2397 730 2478 relinquerent.
741 2395 836 2454 lussit
846 2416 916 2454 ossa
926 2417 981 2456 sua
991 2395 1155 2478 Neapolim

3 2491 4 2496 ’
101 2488 282 2565 transferri,
300 2489 355 2550 ubi
368 2489 422 2550 diu
435 2503 465 2549 et
478 2489 661 2549 suavissime
673 2487 800 2545 vixerat.
820 2483 964 2568 Sepultus
978 2485 1085 2544 estvia
1097 2485 1156 2543 Pu-

101 2576 245 2654 teolana,
259 2581 342 2639 intra
354 2577 492 2660 lapidem
504 2575 690 2648 secundum3
702 2573 830 2656 ejusque
842 2573 982 2656 sepulcro
996 2572 1155 2633 distichon

102 2661 167 2723 hoc
179 2666 372 2748 insculptum
384 2679 446 2742 est,
465 2665 552 2748 quod
567 2666 632 2746 ipse
645 2663 704 2722 sibi
717 2676 856 2722 extrema
867 2660 1048 2744 valetudine
1059 2661 1155 2741 scrip-

102 2753 180 2813 sisse
194 2753 395 2836 perhibetur3

111 2907 119 2920 '
211 2899 377 2953 Mantua-me
389 2901 493 2972 genuit;
506 2898 615 2951 Calabri
627 2916 755 2968 rapuere3
768 2909 841 2948 tenet
853 2914 924 2946 nunc

247 2975 434 3050 Parthenope:
449 2980 533 3030 cecini
546 2995 661 3049 pascua,
672 2995 751 3041 rura,
764 2975 855 3027 duces.
919 2970 920 2976 ’

144 3119 280 3182 Heredes
291 3121 368 3182 fecit
379 3143 415 3182 ex
428 3121 560 3182 dimidia
573 3135 660 3202 parte
673 3119 831 3180 Valerium
845 3114 1014 3177 Proculum
1028 3111 1155 3170 fratrum

101 3227 142 3268 ex
154 3206 219 3266 alio
229 3204 335 3290 patre,
346 3230 383 3269 ex
394 3208 522 3302 reliquis
534 3210 723 3288 Augustum,
735 3209 949 3276 Maecenatem,
962 3203 996 3262 L.
1010 3199 1155 3272 Varium,

102 3310 135 3358 et
148 3296 289 3359 Plotium
299 3302 449 3374 Tuccam,
465 3301 521 3382 qui
536 3299 601 3378 ejus
615 3313 686 3380 post
701 3298 824 3358 obitum
836 3291 1011 3365 AEneidem‚
1022 3287 1155 3350 sublatis

103 3398 230 3448 tantum
242 3385 365 3469 aliquot
375 3385 530 3464 versibus,
542 3385 632 3450 nullo
646 3385 767 3460 addito,
782 3381 1036 3444 emendaverunt.

104 3541 107 3546 ,
144 3476 338 3554 Deeonsilio
350 3477 525 3540 cremandae
534 3475 696 3550 AEneidos‚
713 3485 832 3536 exstant
848 3470 978 3551 Sulpicii
993 3463 1156 3543 Carthagi·

104 3567 222 3628 niensis
233 3587 354 3642 versus,
366 3585 501 3649 quorum
514 3567 642 3628 initium
658 3577 716 3636 est3

213 3719 333 3772 Jusserat
343 3719 400 3771 haec
412 3720 513 3792 rapidis
527 3718 629 3771 aboleri
641 3717 759 3767 carmina
773 3712 884 3766 flammis

213 3799 355 3872 Virgilius,
369 3814 418 3852 etc.

146 3951 233 4026 Quin
254 3963 283 4009 et
302 3953 362 4032 ipsi
383 3953 522 4032 Augusto
541 3970 606 4014 non
626 3951 697 4010 satis
713 3959 802 4008 certa
821 3943 884 4004 fide
903 3943 1085 4002 tribuuntur
1102 3935 1155 3995 alii

105 4039 231 4119 plures,
246 4035 307 4098 hoc
321 4037 465 4112 exordi03
767 4041 769 4045 ’
907 4063 909 4068 ,
