2742 4596
222 293 286 374 462
389 301 392 308 ·
585 283 649 350 ua
671 284 903 350 vruettu

219 415 325 498 priore
344 409 407 490 egit
420 405 456 466 de
472 408 550 466 Bure
565 407 611 484 (v.
626 404 785 488 Cutolopue
798 403 845 466 des
858 407 954 466 Livres
967 404 1007 468 du
1018 409 1084 478 Due
1098 407 1134 468 de
1150 406 1181 468 la
1197 407 1269 472 Vat-

222 501 303 575 liere‚
320 501 354 558 T.
368 499 410 570 ll,
425 497 459 554 Ρ.
475 497 503 569 Ι,
522 517 551 576 p.
566 497 602 578 78
617 517 663 576 sq.
678 516 695 556 e
711 517 771 576 qua
786 496 943 577 exemplar
956 494 1029 571 (μοι
1047 499 1079 556 l..
1093 497 1132 556 fr.
1148 501 1269 559 venisse

220 589 390 665 narratur).
402 587 501 646 Nemo
513 597 618 645 tamen
630 605 666 646 ex
679 583 727 645 his
740 587 846 648 critico
859 587 1001 647 acumine
1011 587 1181 648 instructus
1192 589 1270 648 inte·

219 683 334 744 riorem
350 676 423 734 libri
434 674 670 734 aestimationem
682 673 776 752 tecit,
789 688 842 736 aut
854 674 954 735 facere
970 678 1081 758 potuit.
1094 677 1148 736 Est
1162 693 1268 738 autem

219 766 351 854 epistola
368 765 493 828 Joannis
510 761 635 824 Andreoe
652 763 690 824 ad
707 767 905 846 Pomponium
920 765 1138 848 Insertunutum
1154 767 1268 847 scripta

220 856 308 918 alteri
319 852 451 916 editioni
463 849 604 933 praelixa,
619 853 660 912 ita
673 865 794 927 tamen,
807 867 841 914 ut
853 853 983 935 epistola
996 855 1110 936 prioris
1119 853 1268 914 editionis

220 945 260 1006 ad
270 941 415 1004 Paullum
426 940 453 1000 11
467 938 565 1002 eidem
578 939 617 1000 ab
628 941 719 1000 initio
729 942 884 1022 praemissa
896 945 942 1002 sit.
956 943 991 1002 ln
1002 941 1108 1004 eadem
1119 942 1268 1025 epistola,
1361 987 1362 1000 ,

218 1031 373 1118 quidquid,
394 1033 511 1112 inquit,
531 1031 667 1092 Maronis
682 1034 853 1112 scriptorum
867 1031 975 1114 indepti
988 1053 1102 1106 nimus,
1122 1046 1269 1115 quantum
1361 1033 1362 1040 ’

218 1121 455 1208 quidemfuimus
464 1116 650 1202 intelligendo
662 1123 693 1200 in
706 1134 792 1184 tanta.
800 1135 915 1205 tamque
926 1122 1063 1184 mendosa
1075 1121 1269 1205 exemplario·

218 1236 283 1276 rum
302 1217 433 1286 raritate,
452 1209 667 1293 multorumque
688 1209 829 1294 ejusmodi
845 1235 933 1296 prope
953 1213 1152 1289 desuetudine,
1176 1215 1267 1272 immo
1361 1209 1362 1224 ¹

217 1323 284 1363 uero
299 1303 506 1374 internecione,
523 1302 554 1359 in
566 1320 670 1382 corpus
685 1323 777 1360 unum
791 1321 877 1362 omne
890 1303 1085 1384 compegimus
1089 1325 1101 1374 ,-
1116 1299 1202 1362 unde
1214 1320 1268 1359 co·

219 1390 302 1450 dices
322 1411 388 1450 uon
404 1387 573 1449 admodum
590 1387 765 1468 frequentes
782 1410 818 1448 ac
832 1389 932 1450 bonos
950 1391 978 1449 ei
992 1389 1029 1448 ad
1043 1410 1156 1448 manus
1174 1388 1268 1448 fuisse

219 1491 356 1560 apparet.
376 1479 488 1556 Liquet
506 1477 600 1536 etiam
619 1474 714 1552 illud,
736 1475 879 1551 Culicem,
901 1479 957 1538 etsi
977 1477 1068 1536 valde
1083 1479 1210 1549 vitiose,
1232 1488 1268 1535 ut

153 1611 159 1616 -
217 1567 319 1628 multa
338 1585 393 1626 nee
412 1563 760 1648 Aleriensisintelligere
777 1581 895 1649 posset,
914 1568 1036 1640 atalia,
1058 1585 1127 1646 quae
1140 1563 1268 1644 ¹Virgilii
1361 1619 1362 1644 ,

217 1677 335 1720 nomen
351 1657 558 1729 mentiuntur,
572 1658 729 1736 poematia
744 1657 836 1736 (sunt
849 1659 942 1730 Dirce,
961 1657 1056 1740 Copa,
1071 1657 1128 1715 Est
1139 1667 1169 1715 et
1180 1656 1266 1728 Non,
1361 1647 1362 1704 ἕ

221 1749 277 1812 Vir
290 1744 394 1816 bonus,
407 1747 504 1818 Rosoe,
518 1745 666 1806 Monetam
671 1789 681 1818 ‚
696 1747 847 1827 Priapeia,
862 1744 1037 1828 Epitaphio,
1050 1757 1080 1812 et
1093 1743 1173 1814 alia)
1187 1745 1268 1816 inea
1301 1751 1304 1756 '

219 1835 357 1896 editione
370 1829 509 1892 exhibita
522 1853 600 1907 esse,
621 1848 733 1914 praeter
747 1837 843 1910 cirin,
862 1835 946 1917 quod
962 1857 998 1894 ex
1012 1835 1194 1894 Fontanino
1209 1831 1231 1892 l.
1246 1831 1267 1890 l.

111 1950 114 1956 ·
220 1923 385 2002 intelligas.
401 1921 535 1982 Alteram
550 1922 722 1984 editionem
733 1925 818 1994 idem
832 1928 880 1985 vir
893 1925 1124 1999 meritissimus,
1139 1925 1268 2005 Episco·
1361 1915 1362 1930 ¹

218 2030 278 2096 pus
291 2008 470 2086 Aleriensis,
488 2025 678 2092 susceperat,
698 2035 767 2072 cum
781 2029 817 2074 ut
830 2015 1013 2074 commissos
1025 2015 1058 2072 iu
1076 2015 1180 2094 priore
1196 2025 1275 2092 ope-⁴
1361 2063 1362 2074 ,

150 2097 161 2115 ’
218 2111 455 2164 rarum'errores
467 2101 620 2182 plurimos
632 2103 825 2180 emendaret,
839 2117 905 2165 tum
918 2117 953 2164 ut
963 2125 979 2164 e
989 2103 1157 2185 Pomponii
1169 2101 1269 2160 lnior·
1361 2103 1362 2106 ’

219 2189 321 2252 tunali
336 2187 442 2248 codice
457 2192 687 2270 antiquissimo,
708 2193 888 2274 majusculis
900 2191 1126 2253 characteribus
1140 2193 1268 2271 scripto,
1361 2261 1362 2272 ἵ

219 2299 284 2361 quo
307 2275 443 2359 Eclogte,
464 2293 575 2360 praeter
598 2283 748 2362 primam,
769 2284 919 2363 Georgica
938 2282 1104 2360 AEneisque
1122 2277 1269 2338 absoluta

217 2367 468 2440 continebantur,
479 2382 604 2448 poetam
615 2371 845 2452 castigatiorem
855 2363 1024 2442 exhiberet3
1035 2367 1066 2427 id
1078 2368 1268 2449 quodetiam
1361 2435 1362 2438 Ἴ

217 2459 251 2518 in
266 2458 446 2538 poematiis,
466 2459 570 2532 AEtna‚
593 2460 657 2520 Ciri
675 2473 705 2520 et
722 2461 899 2536 Catalectis,
921 2460 983 2519 alio
1001 2460 1171 2540 Pomponii
1185 2457 1268 2518 libro
1361 2461 1362 2464 ’

150 2557 151 2561 ’
219 2545 360 2626 adjutus,
375 2547 498 2606 fecerat.
520 2549 663 2608 Ceterum
678 2551 859 2632 Pomponius
877 2549 930 2608 ille
944 2549 1147 2634 Infortunotus
1160 2547 1268 2608 nullus

218 2634 298 2695 alius
308 2648 369 2708 est,
380 2655 474 2715 quam
486 2633 585 2698 Julius
593 2639 774 2718 Pomponius
783 2639 890 2712 Leetus,
901 2639 956 2696 etsi
968 2635 1045 2696 illud
1056 2657 1173 2696 nomen
1184 2635 1270 2718 apud

218 2744 285 2800 eos,
298 2725 353 2804 qui
368 2723 407 2782 de
418 2723 484 2802 ejus
499 2727 561 2784 vita
576 2727 777 2806 scripserunt,
792 2727 959 2786 memorari
970 2724 1066 2806 vulgo
1080 2745 1147 2785 non
1163 2725 1270 2802 vide03
1361 2717 1362 2730 ¹

217 2829 426 2896 praeterquam
441 2815 525 2896 apud
541 2816 695 2896 Angelum
710 2817 933 2876 Zavarronium
949 2818 983 2876 in
999 2814 1194 2876 Bibliotheca
1211 2817 1269 2876 Ca·

115 2949 117 2954 s
215 2905 305 2965 labra
316 2925 348 2985 p.
362 2904 414 2984 59,
430 2909 483 2984 qui
493 2925 565 2968 eum
579 2905 655 2966 alias
663 2904 779 2968 dulium
789 2909 1002 2982 fortunarum,
1012 2919 1042 2966 et
1051 2920 1126 2988 post
1135 2922 1270 2968 mortem

213 2993 318 3053 -Paulli
332 2993 374 3068 ll,
389 2994 421 3052 P.
433 2991 477 3053 M.
488 2995 665 3053 Maecenatis
680 2997 741 3068 sui,
755 2995 987 3079 infortunatum,
1003 2995 1196 3076 appellatum
1210 3011 1270 3055 tra-

217 3081 279 3155 dit3
300 3079 447 3140 hacteuus
466 3083 575 3160 utique
594 3103 774 3162 perperam,
795 3083 879 3164 quod
899 3079 1008 3144 Paullo
1028 3082 1057 3142 ll
1076 3086 1270 3159 nominavit,

218 3190 314 3251 quum
326 3171 416 3228 Pium
426 3169 454 3228 ll
465 3189 638 3231 memorare
647 3170 818 3247 debuisset,
829 3175 879 3232 cui
890 3194 977 3232 carus
986 3171 1270 3254 fuitPomponius;
1361 3185 1362 3232 t

218 3280 236 3316 a
250 3253 359 3316 Paullo
377 3271 487 3316 contra
505 3257 539 3316 in
558 3259 670 3338 capitis
688 3260 861 3340 periculum
874 3259 1034 3320 adductus.
1052 3261 1143 3320 Recte
1162 3263 1269 3342 itaque

217 3346 384 3428 Apostolus
398 3348 497 3406 Zenus
508 3348 559 3425 (in
575 3350 781 3426 Dissertuzioni
793 3351 825 3415 V
822 3353 946 3425 ossiane,
961 3371 992 3434 p.
1008 3352 1155 3432 232)pro
1170 3349 1269 3410 fortu·
1361 3427 1362 3430 Ἴ

217 3457 265 3496 nm
276 3435 459 3497 conditione
476 3439 691 3520 Pomponium
705 3460 819 3500 nomen
835 3442 967 3502 subinde
978 3455 1117 3501 mutasse
1130 3443 1267 3501 monuit.

216 3525 323 3604 (Adde
338 3546 369 3606 p.
387 3523 444 3600 245
460 3525 502 3604 s.)
523 3527 634 3586 Primis
651 3529 741 3598 annis
757 3535 873 3590 nomen
885 3528 963 3590 Julii
978 3531 1147 3610 Pomponii
1160 3531 1267 3590 Sabini
1361 3585 1362 3624 ἢ

218 3613 278 3672 sibi
290 3615 491 3694 imposuerat.
1361 3627 1362 3634 ’

254 3727 371 3786 Neutra
392 3724 504 3785 harum
526 3727 702 3793 editionum
725 3731 762 3792 ad
785 3733 953 3813 Virgilium
975 3731 1210 3792 emendandum
1232 3735 1267 3792 in
1361 3785 1362 3814 ,

216 3816 383 3876 consilium
396 3828 502 3876 vocata
514 3831 573 3893 est3
583 3835 736 3901 restatque
748 3823 825 3895 adeo
835 3823 887 3882 hic
897 3821 1038 3882 beneficii
1053 3823 1087 3881 in
1099 3824 1267 3884 Maronem

214 3903 318 3979 locus,
338 3904 363 3962 si
377 3903 447 3982 quis
462 3904 494 3962 in
510 3925 562 3964 eas
577 3907 712 3984 incidat,
733 3926 769 3972 ut
780 3913 818 3972 de
830 3910 963 3972 lectione
975 3910 1168 3992 excerpenda
1182 3913 1267 3994 cogi-

217 4005 270 4053 tet.
288 3989 334 4051 Ad
349 4000 474 4070 poetam
488 3993 591 4075 ipsum
606 3989 678 4058 inde
692 4019 842 4080 magnum
856 3997 993 4062 fructum
1007 3995 1093 4058 haud
1105 4017 1266 4082 exspecto,
