2742 4596
227 279 291 357 dio
586 267 903 337 ARGUMENTA

227 393 493 487 conscenditque
505 417 635 486 pyram,
649 394 796 483 dixitque
807 393 986 458 novissima
996 393 1110 475 verba,

226 503 268 566 Et
279 503 380 566 vitam
391 501 506 565 infelix
517 499 623 564 multo
635 521 711 564 cum
724 498 883 586 sanguine
894 495 991 607 fudit.
1244 510 1273 556 5⁰

673 642 823 701 Qururr.

227 749 365 838 Navigat
376 751 492 813 AEneas
504 772 511 812 :
525 747 647 815 Siculas
660 745 809 811 defertur
819 743 862 810 ad
875 767 957 810 oras.
1038 795 1040 802 .

228 853 292 916 Hic
304 874 416 922 manes
428 849 572 917 celebrat
582 849 706 939 patrios
718 873 725 912 :
738 871 805 912 una
817 847 938 937 hospes
950 852 1095 916 Acestes.

229 955 342 1022 Ludos
353 957 396 1022 ad
408 957 574 1022 tumulum
585 956 730 1020 faciunt:
744 955 924 1020 certamina
934 971 1074 1043 ponunt.

229 1063 422 1154 Prodigium
434 1083 484 1131 est
494 1065 620 1131 cunctis
631 1063 751 1128 ardens
762 1060 896 1151 delapsa
907 1063 1032 1151 sagitta.

229 1171 290 1236 Iris
302 1195 404 1238 anum
416 1175 544 1239 Beroen
555 1171 671 1238 habitu
682 1171 819 1236 mentita
831 1171 927 1235 senili

229 1277 382 1344 Incendit
394 1303 510 1361 naves,
523 1279 651 1345 subitus
664 1301 744 1370 quas
756 1276 902 1342 vinditat
913 1277 1029 1342 imber.

229 1385 269 1447 ln
282 1386 405 1450 somnis
416 1403 511 1474 pater
521 1384 695 1466 Anchises,
709 1407 783 1474 quae
794 1385 882 1449 bella
893 1382 1053 1474 gerenda,

229 1495 373 1584 Quoque
386 1494 471 1561 duce
482 1495 525 1561 ad
536 1498 651 1564 Manes
663 1495 767 1584 possit
779 1492 996 1574 descendere,
1009 1507 1182 1558 monstrat.

230 1597 434 1664 Transcribit
445 1616 565 1666 matres
577 1599 666 1681 urbi,
679 1599 910 1688 populumque
921 1598 1103 1679 volentem3

232 1705 274 1770 Et
284 1706 452 1794 placidum
464 1712 580 1776 AEneas
592 1710 783 1775 Palinurum
795 1709 914 1799 quaerit
925 1710 959 1773 in
971 1706 1080 1774 undio.
1249 1717 1303 1799 60,

696 1843 819 1900 sax‘rt.
918 1879 919 1886 κ

235 1959 354 2022 Cumas
367 1956 489 2023 deinde
501 1961 610 2024 venit:
624 1959 688 2024 fert
699 1958 778 2023 hinc
789 1981 948 2047 responsa
960 1957 1108 2048 Sibylla:

199 2120 204 2131 .
234 2061 401 2128 Misenum
413 2065 530 2154 sepelit
542 2089 549 2128 :
561 2087 658 2130 mons
670 2081 778 2130 servat
789 2087 913 2130 nomen
924 2064 1062 2128 humati.

233 2169 375 2234 Remum
387 2173 499 2253 etiarn,
513 2189 589 2238 ante
601 2172 702 2238 deum
714 2174 842 2262 placato
855 2173 1007 2251 numine,
1020 2183 1138 2260 portat.

235 2279 277 2340 At
288 2293 379 2344 vates
390 2279 539 2368 longaeva
550 2303 616 2344 una
628 2279 801 2346 descendit
812 2284 991 2344 Avernum.

235 2385 391 2471 Agnoscit
402 2386 607 2467 Palinurum,
621 2403 654 2452 et
665 2385 712 2451 ihi
724 2388 847 2453 solatur
858 2385 1011 2464 Elissam3

236 2492 516 2584 Deiphobumqiie
527 2495 620 2560 videt
630 2496 776 2562 lacerum
788 2493 968 2561 crudeliter
979 2503 1044 2559 ora'.

237 2597 437 2663 Umbrarum
449 2624 563 2689 poenas
576 2601 672 2666 discit
684 2618 835 2666 narrante
848 2599 978 2689 Sibylla.

237 2701 399 2767 Convenit
411 2707 575 2771 Anchisen
587 2731 594 2770 :
607 2707 808 2794 penitusque
822 2706 857 2769 in
869 2703 954 2768 valle
966 2701 1084 2766 virenti

237 2810 459 2900 Agnoscitque
472 2836 565 2877 suam
577 2813 706 2900 prolem
717 2827 920 2878 monstrante
931 2824 1078 2899 parente.

239 2917 318 2981 Haec
331 2917 388 2981 ubi
399 2921 563 3008 percepit,
577 2919 738 3007 graditur,
752 2917 925 3006 sociosque
937 2915 1059 2980 revisit.
1258 2935 1286 2982 7⁰

675 3059 845 3104 SEPTlMI.

240 3171 303 3235 llic
316 3193 450 3261 quoque
463 3169 609 3233 Caietam
621 3167 752 3254 sepelit,
766 3183 837 3230 tum
851 3161 974 3228 deinde
984 3159 1155 3249 profectus

240 3278 444 3339 Laurentum
455 3274 546 3339 venit
558 3296 564 3336 ι
577 3269 663 3336 lianc
675 3271 784 3336 verbis
797 3269 953 3358 cognovit
965 3265 1028 3329 luli

242 3381 387 3445 Fatalem
399 3398 536 3446 terram:
550 3381 672 3444 mensis
686 3402 727 3444 cu
739 3378 917 3454 vescimur,
932 3372 1048 3461 inquit

241 3489 382 3551 Centum
396 3497 540 3552 oratores
552 3489 682 3552 veniam
695 3507 879 3575 pacemque
889 3495 1040 3571 petentes

242 3591 293 3657 Ad
305 3616 418 3681 regem
429 3593 529 3656 mittit
540 3593 643 3658 lectos
655 3609 725 3658 tum
738 3610 825 3656 sorte
837 3590 992 3654 Latinum
1005 3610 1011 3648 ε

243 3698 308 3779 Qui
320 3719 488 3787 cumpace
501 3697 600 3762 etiam
611 3715 696 3769 natae
709 3694 874 3762 connubia
885 3709 1008 3780 pactus.

246 3804 318 3868 Hoc
330 3803 415 3870 forte
428 3804 541 3872 Alecto
553 3805 693 3870 lunonis
706 3803 841 3890 dissipat
853 3803 910 3864 ira.

283 3988 323 4042 77.
331 3973 361 4025 F.
370 3974 426 4025 Hoc
434 3974 512 4026 Furia
521 3973 619 4028 Alecto.
630 3973 763 4045 Etpaullo
777 3981 838 4024 anta
846 3971 865 4023 f.
877 3979 946 4022 aotoe
955 3976 990 4022 est
998 3961 1127 4018 connubia
1135 3970 1240 4031 pactus.
