2726 4592
244 273 363 341 VITA
385 276 420 338 P.
444 275 677 340 VIRGILII
701 276 943 344 MARONIS.
1049 282 1109 370 ‘287

168 392 263 448 'Nocte
274 397 344 468 pluit
355 409 426 466 tcta,
438 395 551 455 radam
562 399 715 470 spectacula
727 417 820 452 marre:

211 473 332 528 Divisum
344 479 484 548 imperium
497 497 558 529 cum
569 479 635 530 love
647 477 735 530 Caesar
746 476 861 550 habet)·,

73 567 123 632 diu
141 583 311 658 queritans
331 587 504 666 Augustus„
523 584 687 666 cujusnam
706 584 739 644 hi
753 606 857 646 versus
871 598 989 664 essent,
1005 605 1114 648 eorum

72 679 230 730 auctorem
248 693 313 734 non
328 676 515 736 inveniebat.
529 674 691 754 Bathyllus
707 695 781 734 vero
802 690 892 756 poeta
913 677 1041 757 quidam
1053 695 1115 736 me·

69 749 199 835 diceris,
210 764 385 826 tacentibus
398 764 483 842 aliis,
495 763 556 825 sibi
569 765 747 846 adscripsit:
760 765 965 846 quemobrem
980 768 1114 827 donatus

8 875 9 936 q
70 837 304 933 honoratusque
322 875 339 914 a
354 855 472 914 Gesare
491 854 563 914 fuit.
582 854 674 931 Quod
697 875 787 936 aequo
802 857 908 916 animo
928 876 992 916 nou
1013 857 1115 918 ferens
1149 866 1182 936 7⁰

8 955 10 1036 q
72 929 236 1014 Virgilius,
256 941 369 1002 iisdem
384 943 481 1004 valvis
501 942 602 1002 affixit
621 956 731 1024 quater
743 941 801 1002 hoc
814 945 1024 1024 principium:
1043 945 1115 1004 usic

8 1041 9 1064 ¹
72 1035 126 1078 Vos
142 1043 212 1086 non
230 1029 329 1090 vohis.
341 1055 355 1088 o
373 1029 559 1092 Postulabat
578 1034 747 1112 Augustus,
764 1045 797 1090 ut
812 1029 843 1088 hi
860 1049 964 1090 versus
982 1029 1116 1112 comple·

8 1069 10 1160 l
71 1123 198 1176 rentur:
213 1119 301 1200 quod
323 1141 423 1202 quum
441 1120 557 1180 frustra
579 1120 678 1201 aliqui
695 1121 803 1180 conati·
820 1133 939 1196 essent,
953 1121 1114 1202 Virgilius,

8 1197 9 1200 ’
70 1203 243 1281 preposito
258 1205 407 1284 disticho,
420 1211 463 1268 sic
477 1206 657 1288 subjunxit:

174 1306 233 1360 Hos
246 1327 296 1380 ego
306 1312 452 1364 versiculos
464 1314 532 1365 feci:
547 1312 607 1363 tulit
619 1311 686 1364 alter
697 1311 829 1364 honores:

212 1389 255 1442 stc
268 1410 315 1444 vos
327 1411 382 1446 uon
394 1395 470 1446 vobis
482 1393 625 1445 nidificastis
638 1409 708 1446 aves.

213 1470 257 1523 Sic
269 1490 317 1523 vos
329 1491 383 1526 nou
392 1474 469 1526 vobis
481 1473 582 1526 vellera
593 1475 668 1526 fertis
681 1491 753 1526 oves.

214 1547 257 1602 Sic
271 1572 384 1606 vosncu
396 1555 474 1608 vobis
485 1554 643 1607 mellificatis
656 1573 728 1625 apes

214 1631 258 1684 Sic
270 1653 318 1686 vos
329 1655 384 1688 non
396 1637 473 1688 vohis
487 1637 561 1688 fertis
575 1649 662 1688 aratra
675 1636 765 1689 hoves.

73 1724 142 1802 Quo
156 1737 305 1815 cognito,
324 1739 509 1822 aliquandiu
525 1739 686 1822 Bathyllus
698 1743 805 1802 Romae
818 1738 925 1799 fabula
935 1737 1011 1813 fuit,
1029 1738 1118 1798 Maro

8 1859 9 1870 .
73 1834 144 1878 vero
156 1825 333 1888 exaltatior.

110 1908 225 1972 XVIll.
235 1917 380 1993 Quuuris
393 1917 714 1998 aliquandoldonium
725 1921 758 1977 iu
771 1939 868 1990 manu
875 1917 1016 1992 haberet,
1028 1935 1119 1997 roga·
1155 1955 1184 2008 7¹

75 2007 223 2079 returque
234 2005 390 2084 quidnam
406 2009 532 2081 2'arere13
551 2007 728 2089 respondit,
747 2028 779 2066 se
798 2027 907 2066 aurum
924 2006 1072 2085 colligere
1083 2003 1121 2078 de

74 2096 205 2147 stercore
220 2092 335 2153 Ennii:
349 2093 445 2154 habet
458 2096 545 2154 enim
558 2109 649 2176 poeta
664 2093 717 2154 ille
732 2097 868 2175 egregias
883 2095 1050 2152 sententias
1064 2090 1121 2151 sub

73 2171 174 2232 verbis
186 2196 253 2238 non
268 2181 404 2242 multum
418 2184 547 2242 ornatis.
561 2184 770 2261 Interroganti
786 2183 938 2261 Augusto,
955 2199 1017 2258 quc
1029 2191 1121 2258 pacto
1157 2223 1188 2274 7²

73 2259 182 2322 civitas
192 2264 324 2329 feliciter
333 2273 575 2353 gubernaretur:
588 2297 602 2327 c
611 2273 639 2330 si
648 2269 881 2352 prudenti-ores,
896 2269 1014 2348 iuquit,
1027 2281 1122 2324 temo·

75 2369 145 2410 uem
168 2362 342 2436 tenuerint,
364 2375 395 2422 et
415 2360 494 2422 honi
515 2360 605 2421 malis
619 2372 863 2442 praeponantur:
887 2359 990 2438 itaque
1009 2356 1122 2435 optimi

73 2460 143 2503 suos
156 2441 293 2510 habeant
308 2449 457 2526 honores,
471 2452 551 2511 nulli
568 2465 671 2510 tamen
684 2449 819 2509 aliorum
828 2445 1122 2528 injusti‘quidquam

9 2529 10 2532 ¹
75 2524 139 2588 fiat·
151 2555 165 2585 a
181 2535 220 2592 A:
232 2535 398 2598 Maecenas:
414 2563 428 2594 c
440 2539 542 2616 Quid,
555 2537 671 2617 inquit,
683 2532 793 2616 Virgili
800 2579 809 2608 ‚
821 2535 993 2592 satietatem
1000 2531 1122 2590 homiui
1158 2551 1190 2619 73

8 2649 9 2664 .
76 2637 139 2678 uon
152 2621 273 2684 adfert?
282 2652 295 2684 c
311 2630 611 2702 cOnmiumrerum,
621 2624 797 2707 respondit,
808 2635 862 2682 aut
871 2621 1055 2695 similitudo,
1068 2631 1122 2679 aut

77 2710 248 2773 multitudo
263 2717 456 2778 stomachum
472 2718 559 2794 facit,
575 2729 686 2798 praeter
705 2713 886 2794 intelligere.
897 2737 911 2768 o
928 2711 1012 2770 Idem
1028 2712 1123 2770 inter·
1158 2730 1191 2800 74

76 2802 199 2880 rog-:evit
211 2825 217 2860 ε
233 2805 329 2882 uQuc
340 2810 511 2889 pacto'quis
527 2807 621 2867 altam
636 2805 822 2884 felicemque
831 2802 992 2862 fortunam
1004 2819 1124 2859 servare

77 2887 222 2962 potestis
243 2893 301 2952 Cui
321 2897 427 2955 Maro:
450 2920 463 2950 ιι
475 2897 522 2972 Si,
544 2908 698 2976 quantum
721 2891 840 2951 honore
862 2909 898 2948 ac
920 2888 1034 2948 divitiis
1056 2886 1123 2944 aliis

77 2983 278 3055 praestantior
289 2986 327 3043 sit
336 3031 344 3062 ,
353 2997 438 3046 tanta
451 2983 638 3046 liberalitate
653 2997 682 3044 et
690 2981 815 3064 justitia
828 2978 905 3038 alios
919 2995 1064 3058 superare
1075 2975 1124 3032 ni-

77 3079 169 3129 tatur.
182 3097 196 3126 a
212 3073 326 3135 Solitus
341 3091 405 3138 erat
418 3077 537 3136 dicere:
555 3101 568 3130 c
578 3075 703 3136 Nullam
716 3074 861 3136 virtutem
877 3062 1124 3130 commodiorem
1159 3081 1192 3153 75

78 3151 202 3216 homiui
214 3181 276 3220 esse
286 3166 450 3244 patientia:
460 3186 494 3224 ac
506 3162 626 3223 nullam
638 3183 777 3244 asperam
787 3158 864 3218 adeo
875 3177 937 3216 esse
948 3154 1124 3229 fortunam,

8 3239 9 3248 ¹
78 3265 173 3324 quam
188 3249 359 3328 prudenter
371 3251 518 3333 patiendo
538 3253 586 3310 vir
599 3250 690 3309 fortis
706 3269 772 3312 non
788 3249 924 3306 vincat.»
941 3241 1043 3318 Quam
1058 3261 1125 3300 sen·

78 3339 211 3398 tentiam
227 3341 258 3398 in
273 3343 384 3421 quinto
398 3342 543 3402 AEneidos
557 3342 708 3401 inseruit:

186 3442 256 3494 Nate
270 3444 333 3509 dea,
347 3465 400 3517 quo
413 3448 469 3498 fata
480 3446 591 3498 trahunt
602 3443 807 3511 retrahuntque‚
820 3449 976 3508 sequamur:

187 3522 328 3593 Quidquid
341 3527 404 3592 erit,
417 3525 572 3598 superanda
583 3526 668 3577 omnis
681 3524 791 3574 fortuna
802 3516 914 3571 ferendo
927 3529 973 3568 est.

82 3675 106 3713 et
127 3661 161 3714 de
179 3669 317 3733 quaternis
337 3669 393 3718 istis
409 3665 582 3720 hemistichiis
664 3655 1130 3736 §.72.Videnturhomioeslqpidi1,v

82 3746 264 3796 narrationem
279 3747 398 3818 ineptum
411 3747 584 3800 Grammatici
630 3739 1129 3818 quioquidunquampulchrarumseu·

82 3839 128 3874 seu
160 3825 289 3878 monachi
318 3839 498 3880 commentum
527 3845 584 3880 esse
629 3827 773 3878 tertiarum
783 3823 944 3893 reperirent,
955 3831 985 3871 ut
994 3818 1131 3872 clarutnet

84 3904 152 3956 male
171 3919 250 3974 putat
267 3909 391 3978 Heyuius.
406 3907 516 3958 Anthol.
530 3909 584 3960 Ve-
630 3922 738 3977 quarem
752 3914 890 3955 auctorem
900 3899 1011 3965 darent,
1024 3900 1050 3950 in
1066 3899 1131 3988 Vir*

84 3998 131 4036 ter.
145 3985 232 4038 Latin
246 3987 322 4039 Toto.
336 3989 361 4054 l,
376 4006 402 4056 p.
417 3985 539 4054 2241Ed.
631 3984 723 4057 gilium
735 3982 892 4034 cumulasse.
