2704 4582
335 304 385 367 IN
410 300 645 368 AENEIDOS
668 299 762 366 LIB.
786 303 825 364 X.
867 249 868 252 Ἴ
1034 310 1098 377 ιιὸ

75 429 176 510 itaque,
190 427 296 490 credet
306 439 459 508 vetustas,
473 437 504 486 te
516 427 681 507 scriptore,
696 426 844 486 exstitisse
860 425 962 488 filiurn
973 431 1101 510 pientis-

76 518 172 578 simum
184 518 223 579 ab
237 519 479 602 impientissimo
491 529 627 597 parente.

105 607 245 688 tsi-M
252 607 324 668 baec
333 605 469 680 exordia,
477 605 555 664 redit
562 617 652 684 poeta
664 601 705 664 ad
715 606 813 664 viam:
829 605 982 668 referebat
993 609 1104 689 pedem

74 695 236 770 Mezentius,
252 708 289 753 ut
299 695 357 776 qui
367 689 478 754 inutilis
484 692 551 771 jam
562 689 603 750 nd
612 687 746 767 beilum,
759 693 832 771 quia
842 692 993 774 illigatus,
1003 708 1032 755 et
1043 709 1104 756 tra·

76 780 152 844 bebat
162 784 282 844 bustam
295 786 415 856 AEneae,
433 802 502 862 quar
514 779 636 840 haerens
649 793 736 848 scuto
749 801 785 840 ex
797 801 834 840 co
847 781 1014 862 pendebat.
1025 787 1105 846 Tum

74 867 175 949 juvenis
187 872 319 933 cedente
331 884 436 953 patre,
451 873 514 951 ipse
524 863 670 950 proripuit
676 888 705 926 se
712 891 724 940 ,-
736 867 1022 947 videceieritate13
1038 887 1106 934 etse

77 963 148 1018 umis
158 962 334 1032 immiscuit,
349 961 447 1018 immo
460 955 549 1018 subiit
561 976 746 1029 mucronem,
767 955 843 1016 adeo
856 958 909 1018 ilie
919 963 1107 1042 imperterri-

78 1061 129 1122 tus,
141 1051 238 1109 AEneoe
248 1050 428 1129 assurqemrs
440 1045 479 1106 ad
491 1047 602 1120 ictum,
617 1043 723 1124 etjam
734 1043 999 1131 plapomfernntis:
1015 1065 1107 1133 atque

78 1133 124 1196 bac
138 1157 221 1198 mora
237 1139 403 1212 sustinuit,
424 1136 622 1217 detinuitque
635 1136 788 1216 impetum
800 1149 830 1195 et
845 1137 987 1198 ardorem
999 1141 1109 1201 AEnaoe.

109 1246 169 1305 799.
184 1225 229 1284 nd
243 1223 308 1284 hoc
322 1222 442 1284 facinus
457 1237 486 1284 et
497 1225 662 1304 pietatem,
678 1223 812 1282 abeunte
825 1235 928 1305 patre,
944 1225 1111 1307 objiciente

81 1331 103 1370 se
113 1311 188 1390 filio,
204 1329 239 1374 ut
250 1328 431 1396 protegeret
447 1325 566 1394 patrem
584 1310 712 1392 clypeo,
725 1327 846 1372 secutus
860 1327 903 1372 est
918 1314 1036 1376 clamor
1048 1319 1113 1378 liu·¹

82 1397 216 1476 talorum,
247 1403 306 1482 qui
327 1403 422 1460 etiarn
441 1399 670 1460 confertissima
691 1399 752 1458 tela
769 1399 943 1480 conjiciunt
961 1404 995 1462 in
1013 1424 1112 1464 uanm

83 1488 192 1564 linear,
211 1505 248 1550 ut
264 1491 455 1572 proturbent
472 1489 626 1571 undique,
645 1502 676 1549 et
694 1502 834 1550 avertant
850 1488 933 1551 illius
951 1492 1113 1554 ardorem:

83 1577 181 1658 quippe
197 1579 431 1638 miserabantur
448 1579 541 1649 Lausi
562 1589 693 1650 sortem,
712 1576 923 1659 videbantque
941 1595 1007 1642 non
1024 1601 1115 1662 posse

84 1681 140 1722 enm
149 1667 223 1747 eripi
232 1681 299 1726 tam
310 1665 381 1726 diro
392 1665 475 1726 hosti
483 1687 490 1724 :
499 1667 604 1746 itaque
613 1665 763 1724 commoti
770 1685 880 1728 ornnes
886 1669 980 1738 Lausi
988 1671 1115 1750 pietate,

85 1757 181 1813 strenui
195 1771 268 1816 sunt
287 1777 348 1838 pro
363 1756 437 1831 illo,
456 1770 487 1816 et
505 1769 617 1816 contra
632 1757 761 1815 AEnean.
780 1755 837 1815 lile
853 1770 919 1816 tum
928 1759 1023 1841 furit,
1042 1761 1116 1840 quin

86 1856 189 1922 ereptus
200 1843 259 1904 sibi
272 1846 466 1904 Me'zentius:
483 1857 551 1903 tum
562 1855 649 1904 tectas
659 1841 769 1924 clypeo
780 1856 909 1920 tanatse,
924 1843 955 1904 id
968 1860 1028 1923 est,
1043 1867 1116 1908 con·

85 1928 163 2004 tinet,
175 1931 276 1994 donec
291 1933 418 1994 detonet
429 1932 567 1992 telorum
578 1931 689 1994 nubes.

117 2018 174 2080 803.
189 2022 322 2104 Optima
332 2021 547 2102 comparatio:
562 2019 684 2095 vidisti,
697 2032 732 2080 nt
746 2019 784 2081 ad
796 2023 1025 2103 precipitantes
1038 2025 1118 2084 nim

87 2101 131 2164 bos
139 2107 298 2186 grandinis
308 2122 426 2183 arator,
443 2107 593 2190 agricola,
607 2109 723 2184 viator,
738 2129 847 2169 omnes
855 2109 980 2191 fugiant
989 2109 1121 2172 lateant·

90 2213 137 2273 qne
149 2197 200 2258 snb
213 2221 283 2262 arce
299 2213 362 2260 tnta
369 2222 381 2270 ,-
399 2198 541 2260 videlicet
552 2198 609 2270 sub
626 2196 808 2273 arboribus,
823 2219 893 2280 quse
909 2215 982 2266 sunt
997 2203 1030 2260 in
1044 2203 1120 2284 ripis

91 2287 226 2363 amnium,
242 2303 301 2350 aut
313 2289 371 2349 sub
383 2286 503 2348 fornice
516 2287 572 2348 alti
584 2289 663 2362 saxi,
678 2288 791 2362 donee,
806 2288 939 2348 abeunte
950 2289 1077 2367 nimbo,
1090 2306 1121 2351 et

91 2369 219 2435 redeunte
230 2375 314 2452 sole,
325 2377 383 2458 ipsi
394 2378 507 2458 pariter
514 2377 554 2436 ad
562 2397 641 2458 opus
651 2376 793 2450 redeant;
804 2375 896 2435 talem
905 2376 988 2458 finge
994 2380 1121 2454 AEneun‚

93 2461 136 2535 qui
146 2475 236 2526 tectus
248 2466 309 2526 sub
320 2478 408 2525 scuto
420 2467 579 2528 continuit
589 2487 620 2526 se
632 2487 649 2524 a
661 2465 763 2539 bello,
778 2476 808 2524 et
820 2465 935 2525 nubem
947 2485 1029 2541 eam,
1046 2467 1122 2526 dnm

94 2543 250 2631 detonaret,
275 2557 438 2630 sustinuit3
458 2567 581 2614 tanturn
603 2569 678 2614 tunc
694 2557 830 2614 Lausum
853 2570 885 2615 et
906 2558 1071 2638 increpitat,
1093 2571 1123 2616 et

96 2639 217 2715 minatur,
230 2646 257 2702 si
273 2645 402 2724 possita
414 2643 484 2703 diro
498 2665 573 2704 auso
588 2657 733 2704 avertere.

131 2728 160 2788 81
169 2753 191 2790 1.
211 2733 370 2794 Generose
389 2731 559 2794 admodum
574 2731 640 2794 haec
654 2733 777 2810 dinem,
792 2736 893 2815 utqui
908 2735 989 2796 nolit
1001 2735 1123 2797 facilem

97 2811 210 2892 gloriam
219 2838 251 2884 et
260 2821 454 2906 degenerem.
470 2847 486 2880 o
497 2823 576 2899 Cur,
588 2823 707 2904 inquit,
720 2825 784 2883 ruis
794 2824 834 2882 ad
846 2838 979 2884 mortem
993 2827 1124 2885 certissi-

98 2907 184 2967 mam?
196 2926 269 2974 sunt
286 2910 352 2972 haec
367 2915 428 2974 tuis
444 2913 564 2973 viribus
579 2911 716 2993 majora:
736 2913 807 2992 pius
825 2931 855 2970 es
872 2913 905 2970 in
918 2927 1055 2994 patrem,
1074 2914 1126 2974 sed

99 2990 145 3053 tibi
156 2998 307 3062 incantus.
320 3027 334 3057 n
346 3001 403 3062 llle
414 3000 591 3063 dementius
604 3000 756 3062 exsultare
766 3023 774 3076 ;
784 2999 893 3059 AEneas
904 3001 1015 3060 saevins
1028 3003 1126 3062 irasci.

128 3136 180 3214 805.
193 3143 262 3195 Tuta
275 3143 419 3207 hosann-
429 3145 503 3217 quod
512 3146 584 3198 scili·
628 3145 767 3197 nonenim
783 3142 869 3207 dicta,
889 3141 962 3212 quod
975 3154 1077 3206 arceat3
1099 3141 1128 3194 id

102 3227 135 3266 αἱ
148 3237 173 3274 se
184 3225 269 3292 perite
283 3243 300 3278 a
315 3236 474 3297 tempestate
493 3225 585 3278 defen·
629 3235 683 3289 est,
702 3224 839 3275 contineat
857 3237 914 3271 reo:
931 3219 979 3272 sed
995 3222 1069 3292 quod
1084 3241 1128 3275 ar-

102 3293 165 3350 dum·
181 3302 249 3359 Tuto
265 3316 354 3358 auten
368 3325 439 3372 anuo,
459 3325 517 3377 qum
529 3319 585 3358 tue·
630 3317 698 3370 mat,
706 3302 736 3354 id
748 3313 797 3367 est,
807 3299 920 3371 repellat
933 3300 997 3352 inde
1008 3303 1090 3354 iures.
1101 3303 1127 3356 0.

102 3385 143 3426 ¹1¹¹·
157 3381 219 3434 Sem.
237 3383 341 3455 Dignus
355 3384 444 3450 locus,
464 3387 510 3455 qni
526 3386 586 3438 ani·
665 3381 725 3436 8η.
741 3383 799 3451 Quo
808 3380 931 3430 moritum
940 3381 1000 3433 ruis.
1012 3383 1130 3434 Fortitu-

103 3457 585 3530 anetensemArxesconmstoeus,
630 3461 720 3514 dinem
729 3463 818 3513 AEnooe
827 3457 945 3512 condivit
954 3461 1006 3514 hnc
1014 3465 1129 3533 pietate;

105 3537 244 3602 quiesces
265 3557 347 3596 arcet.
366 3544 450 3615 Ergo,
468 3545 586 3615 quemvit
632 3538 825 3613 quumlmuso,
836 3542 899 3611 quia
909 3553 1130 3612 percontaturus,

105 3611 191 3687 lotam,
210 3623 257 3693 qui
271 3637 343 3676 arcet
356 3623 527 3697 prandium,
543 3637 589 3677 art
632 3620 719 3697 noluit
730 3621 827 3684 afferre
839 3634 966 3674 mortem:
980 3621 1028 3674 sed
1039 3635 1066 3675 et
1077 3641 1133 3698 ma·

106 3693 160 3750 *lias
172 3702 279 3771 injurias
293 3707 436 3775 temporis,
449 3723 533 3758 croam
543 3723 589 3756 vo·
634 3701 693 3753 nuit
709 3697 797 3770 ipsum
812 3713 892 3772 atque
905 3703 1047 3773 increpuit.
1063 3704 1133 3756 Tan.

107 3779 589 3854 eat.leaqas,quaeseqmminver·
634 3781 695 3833 dem
713 3799 777 3832 voro
794 3799 850 3832 non
867 3783 920 3834 uisi
937 3765 1133 3836 irritatus‘eum

109 3856 217 3912 tuaitero
227 3862 361 3934 explicant
370 3862 441 3916 huuc
450 3881 550 3933 croam,
560 3875 591 3914 nt
635 3862 836 3928 mortouffecit,
855 3875 882 3914 ot
893 3876 1015 3928 coactus,
1030 3878 1057 3916 et
1068 3866 1134 3918 invi·

110 3943 224 3994 nunnus
238 3945 293 3996 sit:
313 3942 379 3998 latet
395 3961 456 3996 arce
474 3944 591 4005 arboris3
635 3956 695 3994 tus:
708 3939 825 3993 dementi
834 3945 905 3994 onim
914 3957 940 3995 et
948 3943 1086 3998 insultanti
1092 3948 1134 4016 ju·

111 4027 149 4065 ant
165 4025 222 4075 saxi.
243 4023 317 4077 idem
334 4036 377 4075 est
391 4036 499 4096 etymon
514 4043 591 4076 am:
637 4021 698 4074 terti
711 4019 777 4091 qnid
788 4023 904 4074 facem?
915 4035 964 4075 sto.
978 4021 1058 4076 Taisb.
