2704 4582
635 206 642 234 l

247 342 306 407 ros
569 333 947 434 consummem

243 465 315 538 das;
340 467 435 524 vitam
458 468 523 524 sine
547 486 617 546 spe;
647 463 822 545 ademptam
846 461 1069 522 successionem
1087 481 1093 516 :
1126 455 1208 540 quid
1228 448 1299 515 hac

243 567 403 612 senectute
421 553 584 612 miserius?
608 553 733 612 demum
753 551 886 625 foedera,
912 569 980 630 quae
1004 549 1037 606 in
1062 548 1168 606 merois
1192 545 1296 616 inita,

243 659 377 721 quaeque
399 643 430 699 in
447 641 521 702 datis
538 644 714 722 acceptisque
730 639 851 712 dextris,
871 639 978 698 omnia
998 633 1113 694 foedata
1134 645 1210 692 sunt
1228 629 1296 689 hoc

245 749 387 788 successu
398 727 532 790 fortunae
544 754 551 789 ε
562 731 669 791 omnia
679 732 739 789 ista
748 730 850 788 AEneae
861 724 1077 786 obversantur.
1089 722 1177 798 Quin
1187 719 1296 778 oratio

244 831 290 876 est
303 820 498 898 perturbata,
514 820 551 880 ad
564 817 766 880 indicandam
777 813 1046 898 perturbationem
1059 812 1157 870 animi
1169 811 1297 881 AEncae,

244 907 328 986 quod
337 905 402 987 jam
414 910 535 968 Servius
551 909 646 982 vidit,
666 908 757 974 video
774 909 808 965 in
824 904 886 964 boc
902 905 1002 972 AEneae
1014 919 1158 960 successu
1175 915 1296 976 reprae·

238 1008 362 1055 sentata
380 996 473 1076 verba
487 998 540 1058 illa
559 999 628 1072 Seu.
646 996 703 1058 Rh.
720 998 811 1056 Cont.
826 995 907 1054 Vlll.
930 991 1017 1053 Crede
1033 988 1106 1049 milri
1116 1000 1213 1069 pater,
1229 1004 1299 1042 non

243 1103 308 1142 sum
318 1088 375 1144 mei
377 1084 470 1168 juris,
485 1109 575 1170 quum
584 1086 633 1147 iile
640 1084 853 1169 praeliiclomor
862 1095 976 1143 exortus
984 1094 1038 1154 est,
1053 1077 1188 1138 inuadere
1199 1072 1298 1133 hostes

243 1168 329 1245 *then
347 1172 488 1236 obstantes
505 1197 610 1238 cuncos
627 1173 731 1256 qlodiis
747 1173 897 1233 diducere:
917 1168 964 1228 hic
982 1171 1118 1250 impetus,
1139 1162 1188 1222 bic
1204 1159 1300 1219 ordor

245 1281 347 1320 anima.

286 1347 351 1428 517.
371 1351 477 1426 Quum
493 1367 541 1412 tot
557 1352 780 1424 interfecisset,
800 1347 912 1408 servati
929 1357 1003 1405 sunt
1019 1355 1088 1402 octo
1105 1337 1144 1399 ad
1163 1335 1300 1396 inferias

244 1433 401 1510 defuncti3
416 1453 445 1497 et
455 1439 489 1497 bi
500 1439 628 1520 quidem
638 1443 670 1498 in
681 1437 791 1498 florida
802 1437 985 1516 juventute,
999 1445 1035 1492 ut
1044 1435 1102 1514 pai·
1113 1437 1194 1488 esset
1206 1443 1299 1484 com-

244 1528 398 1603 pensatio.

286 1612 353 1670 521.
368 1615 456 1676 Vidit
467 1629 533 1676 tum
547 1616 626 1676 forte
638 1619 747 1676 AEneas
761 1627 832 1674 ante
845 1613 953 1674 oculos
965 1613 1091 1690 Magum
1102 1631 1110 1681 ;
1124 1601 1299 1665 contendit

246 1699 280 1756 in
291 1698 379 1759 illum
392 1700 530 1763 hastam:
546 1703 598 1764 hic
611 1719 710 1764 astute
722 1719 800 1763 etex
812 1702 940 1761 militari
953 1699 1066 1781 peritia
1077 1693 1169 1766 subit,
1185 1691 1219 1750 id
1232 1704 1299 1764 est,

247 1785 402 1848 inclinans
422 1812 452 1851 se
471 1808 502 1852 et
520 1794 705 1852 submittens
717 1795 743 1851 it
760 1792 818 1851 sub
831 1790 955 1850 hastam
973 1787 1147 1864 curritque;
1167 1801 1205 1840 ac
1221 1791 1303 1838 tunc

247 1870 336 1932 basta
348 1877 414 1957 ipsa
426 1878 637 1960 supervolavit
649 1883 742 1960 Mago
759 1882 894 1951 intacto,
910 1879 965 1960 qui
984 1875 1091 1935 statim
1107 1868 1240 1952 supplex
1257 1866 1300 1926 ad

247 1960 349 2022 AEneau
363 1985 463 2043 genua
478 1967 611 2043 accidit,
625 1968 815 2049 amplectens
828 1980 1027 2047 tangensque.

287 2048 353 2125 524.
370 2043 620 2134 Sequitur'oratio
630 2053 715 2136 Magi
726 2056 764 2115 ad
775 2059 919 2116 AEneam:
935 2063 1077 2134 precatur
1087 2067 1141 2127 per
1153 2055 1299 2126 patrem,

249 2159 303 2217 per
313 2156 438 2218 natum,
448 2144 537 2204 illum
549 2159 707 2204 mortuum
716 2191 724 2220 ,
734 2158 769 2204 ut
779 2147 918 2226 quiescat
927 2139 1064 2223 placide3
1077 2136 1163 2195 bunc
1172 2133 1298 2203 vivum,

248 2239 283 2284 ut
293 2245 399 2311 surgat
408 2232 538 2293 feliciter
546 2256 613 2316 spe,
624 2256 718 2314 quam
729 2235 853 2316 praebet.
865 2230 964 2309 Quid,
975 2233 1119 2309 inquam,
1130 2217 1299 2304 precatur?

247 2316 409 2378 Animam:
429 2321 474 2380 nil
487 2325 592 2404 potuit
603 2323 705 2402 majus
722 2336 834 2404 petere.
855 2317 995 2396 Quibus?
1011 2315 1091 2398 patri
1110 2311 1196 2386 seni,
1217 2319 1298 2367 nato

285 2459 343 2514 518·
366 2463 483 2533 Quatuor
495 2466 537 2517 hic
547 2469 665 2538 juvenes.
686 2469 747 2518 Em·
789 2469 832 2535 jus
844 2465 944 2516 mentio
957 2459 990 2512 de
1001 2456 1157 2529 juvenibus,
1178 2453 1225 2523 qui
1238 2469 1299 2502 ser-

250 2541 341 2610 phasis
350 2547 464 2612 virtutis,
476 2546 549 2618 quod
559 2548 665 2614 multos,
675 2547 749 2619 qnod
792 2545 846 2596 vati
856 2546 883 2595 in
891 2541 963 2594 bollo
972 2539 1007 2591 ad
1014 2538 1212 2590 mactationem.
1224 2530 1300 2580 Grae-

247 2624 372 2690 juvenes,
390 2626 463 2696 quod
476 2641 606 2693 armatos,
621 2627 694 2698 quod
707 2647 749 2679 ra·
794 2626 830 2675 eis
839 2621 1036 2694 parentationes
1045 2617 1121 2669 dictae
1130 2610 1298 2678 αἱμακουρίαις

249 2702 304 2769 pit:
318 2705 405 2754 minus
420 2707 490 2756 enim
500 2707 601 2770 fuerat,
612 2708 633 2757 si
644 2707 750 2759 dixisset
795 2721 921 2773 quavoce
929 2717 991 2752 usus
999 2695 1074 2748 Pind.
1082 2695 1188 2766 Olymp.
1197 2690 1251 2742 Od.
1266 2708 1297 2753 2,

249 2781 327 2850 capit.
355 2782 424 2835 Mira
446 2785 528 2839 virtus
553 2785 682 2853 hominis,
702 2789 748 2858 qui
793 2783 827 2835 ab
839 2782 967 2854 sanguine
979 2793 1138 2850 puerorum,
1151 2773 1198 2842 qui
1209 2771 1298 2821 fusus.

249 2873 324 2913 tanta
331 2862 460 2917 facilitate
468 2865 604 2918 tothostes
612 2867 749 2937 rapiat-
829 2861 888 2916 523.
906 2862 943 2912 Et
953 2876 1039 2932 pertua
1052 2853 1223 2926 amplectens,
1247 2861 1296 2900 ete.

252 2939 376 3011 Quatuor.
392 2946 538 2997 Numerum
551 2965 644 3018 parem
655 2945 747 3018 elegit;
793 2941 885 2994 Genua
893 2958 940 2992 cur
948 2931 1228 3008 tangerentsnppliees
1234 2928 1298 2980 vide

251 3023 314 3092 quia
324 3022 357 3076 de
367 3028 449 3078 sacris
459 3028 608 3079 lnferorum
621 3045 662 3078 res
675 3038 722 3078 est.
795 3039 876 3091 supra
886 3016 958 3090 apud
969 3017 1089 3068 Servium
1097 3015 1157 3066 AEn.
1168 3013 1217 3075 111,
1230 3009 1298 3080 {5073

286 3101 345 3172 519.
361 3107 473 3176 Inferias
486 3127 549 3179 quas
561 3106 679 3158 immolet
692 3123 750 3155 um·
794 3099 860 3152 Plin.
881 3101 930 3165 XI,
949 3097 999 3164 45:
1023 3094 1164 3146 «Hominis
1181 3091 1299 3163 genibus

249 3183 305 3234 bris.
318 3186 424 3254 Inferio
434 3200 495 3238 sunt
501 3205 577 3238 sacra
584 3198 750 3237 mortuorum
796 3179 917 3251 quaedam
929 3190 955 3230 et
967 3176 1060 3248 religio
1073 3177 1155 3240 inest,
1167 3172 1298 3223 observa-

251 3261 285 3312 ab
297 3265 391 3316 Inferis
404 3266 488 3319 dictae.
504 3266 572 3318 Sane
586 3283 641 3316 mos
654 3266 750 3317 eratin
795 3263 867 3312 tione
882 3260 1007 3332 gentium.
1028 3257 1090 3307 llaec
1104 3252 1241 3324 supplices
1259 3262 1299 3301 at-

253 3343 381 3410 sepulcris
389 3347 506 3398 virorum
513 3347 622 3398 fortium
631 3347 750 3416 captivos
794 3343 913 3412 tingunt:
933 3336 1038 3390 adhaec
1054 3351 1148 3387 manus
1164 3333 1297 3385 tendunt:

252 3422 360 3472 necari:
383 3425 456 3494 quod
476 3440 618 3497 postquam
642 3424 748 3476 crudele
794 3419 864 3483 haec,
885 3430 914 3468 nt
933 3434 1006 3480 aras,
1027 3413 1152 3476 adorant,
1172 3413 1298 3462 fortassis

253 3503 338 3550 visum
346 3515 398 3568 est,
411 3503 512 3572 placuit
519 3489 680 3574 gladiatores
689 3516 749 3555 ante
796 3500 857 3570 quia
869 3500 937 3549 inest
950 3498 980 3547 iis
993 3495 1140 3546 vitalitas.»
1160 3491 1204 3542 nd
1216 3510 1298 3562 quem

254 3581 377 3651 sepulcra
403 3583 540 3650 dimicare,
563 3588 608 3656 qui
632 3585 750 3637 abustis
795 3578 883 3630 locum
894 3575 947 3627 vid·
960 3575 1115 3645 Dalecamp·
1124 3573 1218 3648 ¹Emm-

182 3654 184 3664 ¹
254 3662 386 3712 bustuarii
394 3661 457 3714 dicti
466 3676 534 3714 sunt.
543 3666 675 3716 Usitatum
681 3665 752 3716 Grae-
832 3647 896 3723 524.Ι
909 3657 960 3706 Per
972 3655 1069 3726 patrios
1085 3671 1187 3717 manes,
1205 3663 1234 3703 et
1244 3671 1299 3724 spes

254 3743 292 3792 cis
310 3740 455 3812 (accepere
470 3745 504 3795 ab
516 3744 556 3796 bis
569 3745 672 3815 Latini)
690 3746 752 3794 fun·
795 3737 918 3807 surqeotis
926 3733 988 3784 Iuli.
999 3734 1049 3784 Per
1058 3749 1102 3784 eas
1112 3749 1247 3801 personas
1257 3752 1300 3782 ro-

255 3819 318 3873 dere
332 3819 478 3873 humanum
494 3825 648 3895 sanguinem
662 3823 696 3876 ad
713 3841 753 3874 se.
797 3829 854 3888 pat,
875 3825 986 3884 propter
1004 3810 1076 3882 quod
1097 3823 1227 3881 precatur
1245 3833 1255 3860 r
1276 3826 1301 3864 et

257 3899 753 3973 puleromortuorurn,placandisillo·
797 3897 865 3947 bene
884 3905 913 3943 ut
931 3895 958 3944 in
977 3891 1042 3943 belli
1060 3890 1163 3954 calore,
1181 3891 1302 3944 breviter

189 3995 190 3998 ’
259 3997 317 4030 rum
328 3980 458 4031 manibus.
469 3983 499 4031 ln
508 3981 612 4031 Heliod.
625 3980 671 4032 lib.
682 3982 719 4031 tx
728 3991 755 4030 et
799 3965 889 4026 dmnes
905 3973 979 4024 locos
996 3971 1031 4022 ad
1046 3971 1246 4042 impetrandam
1258 3993 1305 4025 ve·-

260 4059 286 4108 X
295 4059 359 4109 Hist.
371 4058 439 4111 AEtlr.
452 4078 548 4131 magna
561 4071 601 4112 est
617 4060 697 4110 moris
706 4057 755 4109 hu·
799 4056 871 4106 niam
883 4052 1075 4124 complectitur.
1090 4051 1161 4104 Sero.
