2720 4588
273 327 337 403 214
601 322 982 388 COMMENTARIII
1012 359 1015 366 ⁴

271 444 347 504 belli
358 447 551 506 occasionem
562 442 784 526 praebebimus:
796 447 881 524 quasi
893 445 992 515 dIcat3
1006 467 1071 506 non
1082 459 1185 527 aperte
1195 444 1322 505 bellurn

272 555 411 614 geremus
423 551 532 596 contra
546 557 616 610 vos,
637 557 700 595 non
716 536 852 596 occulte:
874 537 952 596 solet
968 539 1051 596 enim
1066 537 1183 596 bellurn
1198 539 1323 617 incoep-

270 623 329 680 tari
343 637 449 684 contra
466 623 615 682 finitimos
630 625 805 704 Principes,
826 623 872 683 vel
889 638 992 705 aperte
1007 623 1203 699 rebellando,
1223 635 1324 703 rupto

271 711 402 788 foedere,
417 714 500 794 quod
518 728 583 774 erat
596 715 762 786 sancitum
786 713 833 772 rel
845 715 995 774 tentando
1012 714 1144 794 aliquid,
1164 733 1227 794 quo
1243 714 1326 771 vici-

271 820 330 859 nus
346 815 539 882 provocetur.
560 801 652 860 Volui
668 799 735 862 ltaec
751 801 870 878 multis,
890 822 929 862 ne
944 800 1125 883 quisdicat,
1146 801 1322 882 Virgilium

178 881 187 902 ⁸
272 891 355 949 idern
372 892 418 950 his
431 892 541 951 dicere.

316 983 379 1064 187.
394 983 440 1042 De
454 985 560 1041 Turno
573 981 704 1050 dixerat,
723 981 838 1064 sifors‚·
853 980 890 1040 de
906 1002 937 1040 se
949 981 1051 1062 plenis
1063 983 1156 1056 votis,
1173 981 1221 1039 sin
1231 981 1325 1038 victo·

272 1072 316 1128 rio
328 1073 477 1144 annuerit,
491 1085 534 1146 et,
546 1084 580 1132 ut
591 1073 686 1152 potius
699 1090 775 1142 reor,
790 1083 819 1128 et
832 1073 883 1130 Dii
884 1070 1023 1154 firment,
1039 1089 1103 1128 non
1115 1069 1263 1129 fortuna:
1280 1067 1327 1124 ait

224 1225 227 1235 Ι
272 1157 355 1216 nolis
367 1171 395 1218 et
409 1173 537 1220 noenum
550 1163 676 1220 Martem
689 1169 814 1239 propter
824 1178 856 1216 se
866 1171 895 1216 ct
907 1158 1083 1218 Ascanium.
1094 1155 1178 1232 Quid
1193 1153 1326 1214 tandem

274 1246 300 1303 si
314 1246 428 1305 victor?
443 1249 593 1328 proponit
603 1267 671 1326 qnae
681 1246 856 1327 aequissima
867 1259 956 1304 sunt:
972 1266 1039 1319 eos,
1053 1247 1149 1324 quise
1162 1243 1244 1302 mihi
1257 1242 1329 1301 hos

272 1346 317 1392 tes
332 1334 423 1408 dant,
436 1357 500 1394 non
513 1355 621 1414 cogam
634 1334 671 1393 ad
684 1336 856 1409 servitium3
870 1355 934 1394 non
937 1331 1047 1416 jubebo
1057 1354 1176 1414 parere:
1191 1331 1265 1390 vide
1281 1351 1329 1390 so·

272 1423 452 1483 brietatem!
475 1437 509 1482 ut
529 1427 619 1482 etiarn
641 1425 673 1482 in
693 1425 848 1504 sequenti,
869 1443 922 1482 nec
936 1421 1008 1482 milri
1023 1425 1126 1503 Reque
1140 1434 1227 1502 peto:
1250 1441 1329 1478 nam

273 1514 349 1593 quid
366 1517 461 1592 magis
476 1513 680 1592 conjunctum
694 1533 766 1572 curn
780 1515 909 1586 victore,
923 1532 1016 1594 quam
1029 1507 1219 1592 imperium?
1232 1510 1328 1589 atqui

273 1597 335 1660 hoc
347 1601 474 1660 abnuit:
490 1603 629 1679 quaeritis
643 1600 743 1680 leges?
761 1622 849 1680 pares
865 1603 930 1660 istae
945 1615 1055 1660 erunt:
1074 1598 1212 1680 quaeritis
1223 1596 1327 1656 foede·

273 1687 327 1748 ra?
339 1704 451 1749 aeterna
463 1688 529 1748 haec
539 1703 649 1748 erunt:
665 1703 693 1746 et
706 1689 779 1768 quia
791 1709 879 1768 pares
892 1701 984 1750 erunt
993 1689 1088 1768 leges,
1102 1702 1133 1746 et
1143 1700 1261 1746 aeterna
1272 1685 1328 1744 foe·

275 1775 363 1849 dera,
379 1775 448 1834 ideo
458 1791 555 1855 pentes
564 1774 657 1834 ambre
668 1777 783 1834 invictae
794 1797 803 1832 .·
817 1795 888 1834 nam
901 1774 982 1834 nihil
993 1778 1092 1856 magis
1103 1774 1204 1854 perdit
1213 1794 1330 1854 regna,

275 1885 369 1944 quarn
382 1864 546 1922 discordia.
569 1867 674 1922 Unum
691 1876 813 1922 tanturn
830 1863 909 1922 mihi
923 1863 973 1944 jus
990 1865 1081 1926 dandi
1096 1886 1178 1924 sacra
1193 1877 1222 1924 et
1234 1867 1327 1936 Deos,

274 1950 358 2031 quod
381 1953 432 2010 cui
453 1972 518 2010 non
539 1951 679 2031 gratum?
696 1953 863 2031 imperium
881 1964 983 2014 toturn
1003 1955 1041 2012 sit
1062 1974 1156 2034 penes
1177 1971 1327 2012 socerum

274 2040 435 2114 Latinum,
449 2061 523 2100 nam
538 2039 655 2098 illierit
661 2038 710 2119 jus
723 2059 884 2101 armorum
896 2063 902 2098 :
916 2041 991 2122 quid
1003 2041 1089 2100 aliud
1101 2056 1144 2100 est
1154 2043 1328 2122 imperare,

275 2148 372 2208 quam
388 2125 504 2187 habere
520 2141 708 2209 potestatem
722 2128 949 2189 movendorum
964 2150 1140 2204 armorum,
1162 2149 1260 2210 quum
1275 2149 1330 2188 ne-

275 2235 354 2274 cesse
369 2214 480 2276 fuerit?
494 2237 568 2298 ergo
581 2215 627 2276 illi
639 2217 698 2276 erit
712 2217 895 2299 imperium,
911 2220 983 2299 quia
998 2216 1126 2278 habebit
1140 2238 1243 2292 arrua3
1259 2232 1329 2275 tan-

276 2302 347 2363 dem
366 2299 530 2365 abstinebo
550 2327 568 2364 a
586 2319 685 2368 restra
702 2305 793 2380 urbe3
813 2328 884 2388 quae
902 2321 978 2368 nota
994 2328 1116 2388 magnae
1130 2306 1326 2377 sobrietatis3

275 2414 349 2452 nam
364 2396 496 2454 victores
511 2409 620 2454 amant
634 2395 755 2476 ingredi
767 2417 838 2460 cum
848 2394 1010 2478 triumpho
1023 2409 1052 2455 et
1064 2394 1178 2476 plausu
1191 2395 1224 2452 in
1235 2391 1329 2452 urbes

275 2485 381 2544 victas.
397 2484 524 2564 Adjicit3
547 2484 619 2544 milri
631 2489 697 2546 sine
710 2500 811 2552 vestro
826 2485 934 2548 labore
954 2489 1056 2546 Teucri
1072 2487 1246 2546 consuerent
1260 2504 1327 2542 rnoe·

276 2575 346 2630 nio:
367 2575 453 2653 quasi
467 2573 565 2646 dicat3
586 2594 650 2632 non
665 2573 787 2634 habebo
801 2596 855 2634 vos
870 2575 940 2636 loco
953 2595 1113 2635 servorum
1126 2573 1165 2632 ad
1178 2571 1326 2632 struenda

277 2680 347 2718 mea
360 2662 507 2737 aedificia,
523 2663 596 2742 quia
611 2663 754 2724 videlicet
767 2663 903 2726 Drances
917 2663 1036 2724 dixerat
1047 2662 1103 2724 lib.
1118 2663 1175 2736 XI',
1189 2663 1327 2742 Saxaque

317 2838 373 2892 185.
387 2839 463 2890 Cedet
472 2839 547 2892 Iulus
556 2840 630 2913 apris.
644 2841 778 2913 Singulari
821 2841 896 2891 Mars
907 2859 999 2892 eorum
1012 2841 1061 2904 sit,
1074 2839 1121 2908 qni
1132 2839 1273 2890 victoriani
1282 2835 1328 2886 ob·

277 2919 403 2986 artificio,
414 2935 532 2992 etprope
541 2921 692 2974 adulatorio
703 2941 778 2974 exeo·
822 2921 915 2971 tinent.
933 2919 1022 2972 Nostri
1040 2920 1111 2970 enim
1127 2919 1174 2968 Dii
1178 2957 1186 2983 ‚
1205 2930 1267 2969 sunt
1283 2917 1327 2967 Dii

275 3005 412 3076 gitatum:
442 3001 515 3073 quod
535 3019 590 3051 non
613 3014 668 3053 tam
690 3004 777 3054 AEnem
823 3001 941 3070 propitii.
969 2999 1086 3051 Turneb.
1108 2997 1207 3064 XXIII,
1234 3000 1277 3066 14,
1301 3009 1325 3048 et

277 3102 357 3156 quarn
376 3082 434 3134 1qu
452 3083 534 3152 quaeri
553 3081 631 3132 Italia
646 3081 778 3152 siguilica-
822 3082 916 3146 xxw,
930 3081 978 3146 26,
991 3092 1016 3132 et
1026 3081 1076 3145 IX,
1090 3081 1137 3145 30,
1148 3077 1195 3130 ubi
1205 3077 1325 3130 Servium

277 3180 336 3216 tur:
354 3161 471 3214 utluliae
488 3159 595 3212 familia·
607 3164 694 3231 gratia
711 3179 780 3231 φηγ
823 3162 876 3212 ista
898 3179 993 3232 parum
1018 3158 1219 3212 accommodate
1243 3159 1325 3228 expli·

277 3256 365 3306 ratur,
384 3241 416 3293 ad
431 3259 511 3312 qnam
526 3240 643 3290 Deorum
655 3241 718 3290 latis
731 3241 778 3290 im·
823 3259 897 3294 casse
908 3241 1008 3294 scubia.
1024 3240 1133 3291 Taulrm.

275 3323 378 3391 perium
385 3321 589 3389 delatum'sitf
599 3317 778 3378 Rebelle53ho-
861 3337 918 3389 ¹9²·
930 3323 1008 3373 Sacra
1020 3319 1130 3389 deosque
1140 3318 1214 3368 dabo.
1227 3317 1323 3386 Captet

275 3418 319 3450 mo
327 3399 437 3463 retatus,
450 3402 558 3469 resipsa
566 3397 677 3450 rebellio.
689 3396 760 3449 Serv.
821 3403 931 3470 gratiam
949 3397 1056 3468 populi,
1077 3398 1139 3465 quia
1155 3414 1254 3465 magna
1272 3397 1322 3446 fuit

314 3481 371 3548 187.
384 3481 506 3530 Nostrum
518 3478 717 3530 adrsmrirnobis
727 3478 777 3528 vr'c·
821 3479 892 3549 apud
905 3480 1018 3548 majores
1031 3493 1168 3527 sacrorum
1183 3495 1261 3536 cura3
1274 3493 1321 3525 un·

275 3559 341 3611 tor'a'a
348 3561 470 3609 Martem.
480 3557 596 3629 Scaliger
606 3556 775 3608 exsultabun·
820 3558 853 3610 de
861 3577 932 3609 nunc
940 3559 1036 3608 AEneas
1044 3555 1071 3606 id
1080 3559 1147 3628 agit,
1155 3575 1189 3610 ue
1196 3567 1320 3629 pereant:

275 3639 380 3703 dus‚V‚
393 3641 423 3701 ὃς
435 3659 446 3685 r
456 3637 775 3707 Sir‚inquit,loquiputo
820 3652 846 3690 et
866 3657 895 3690 re
911 3657 972 3689 vera
992 3649 1094 3688 constat
1112 3655 1187 3688 sacra
1207 3636 1320 3708 Phrygia

273 3721 391 3772 Deorum
407 3735 531 3788 proceres
548 3720 575 3768 in
592 3718 711 3768 conciliis
728 3735 776 3768 οε·
819 3735 890 3768 nunc
909 3718 1008 3768 Latinis
1025 3715 1123 3768 tradita
1140 3716 1255 3770 coluisse
1270 3717 1318 3765 Ro·

274 3799 393 3852 lestibus.
403 3821 427 3846 a.
444 3799 491 3848 Est
511 3809 599 3847 autern
615 3795 772 3867 hypallage:
818 3813 920 3848 manos.
938 3797 1007 3848 Serv.
1023 3822 1057 3834 --
1070 3795 1109 3846 De
1124 3793 1317 3856 biremibus,

273 3897 323 3952 pro
339 3877 404 3941 illis,
424 3879 446 3926 si
466 3877 539 3927 Mars
561 3888 684 3928 aunuerrt
696 3875 773 3926 uobis
819 3889 845 3928 et
857 3876 890 3928 de
903 3876 982 3928 rebus
995 3875 1029 3927 ab
1040 3875 1123 3926 AEuea
1135 3875 1215 3946 gestis
1227 3876 1254 3924 in
1267 3876 1319 3924 Ita-

230 4017 232 4022 .
272 3961 421 4013 victoriam.
434 3959 557 4011 Nostrum
565 3957 644 4020 dixit,
653 3975 716 4026 pro,
725 3975 774 4007 no·
817 3955 867 4021 lia,
879 3953 1060 4008 consulendus
1072 3965 1112 4017 est
1124 3954 1258 4006 Excurstts
1268 3952 1318 4016 III,

273 4043 315 4094 Iris
327 4043 461 4094 laventem
473 4052 499 4090 et
513 4036 660 4090 seeundum
674 4058 680 4086 :
696 4040 773 4108 quasi
817 4037 870 4091 rol.
884 4040 929 4104 IV,
942 4057 1003 4110 pag.
1017 4037 1068 4092 388
1082 4049 1108 4088 et
1121 4051 1196 4106 seqq.
