2654 4590
256 331 294 396 18
584 321 966 391 COMMENTARIA

253 467 346 542 poeta
362 473 419 536 per
432 452 559 532 prinam
566 445 740 533 juventam:
762 460 792 508 et
811 451 885 530 quia
901 448 1017 530 lanugo
1036 452 1070 510 in
1088 467 1214 532 puero,
1247 451 1316 512 ide

255 569 306 609 ora
318 548 449 615 intonsa,
466 553 498 600 et
508 541 627 621 siquam
635 583 644 612 ‚
664 539 751 620 quasi
767 536 850 604 linea
861 539 1008 620 quaedam
1024 537 1183 621 lanuginis
1194 563 1316 602 excur

254 649 335 699 reret
346 653 402 716 per
414 651 516 712 genas.
535 631 606 692 Duo
621 625 674 688 hic
687 629 812 710 aperio:
831 627 906 692 dicit
917 628 1098 704 Armatam,
1114 649 1182 692 non
1201 630 1316 712 ijo

208 770 210 773 ψ
254 746 373 796 norum,
396 742 469 782 cum
487 719 702 784 blandimento
722 717 761 781 ad
780 719 924 793 AEneam,
945 719 1106 800 qui-libris
1124 721 1271 801 primo,
1300 742 1316 780 e

255 828 366 898 quarto
376 809 548 892 descriptus
561 821 604 868 est
616 807 857 889 pulcherrimus.
869 807 990 871 Deinde
1002 809 1140 890 explico,
1155 809 1252 891 quid
1269 812 1316 868 sit

258 901 385 988 Trojano
401 919 454 962 nec
478 896 574 958 induit
594 917 698 955 anna.-
726 893 872 978 displicet
889 917 1087 978 summopere
1109 899 1248 960 Servius
1283 900 1316 956 it

255 992 418 1064 enucleans
427 1011 434 1048 :
442 987 573 1050 nondum
581 983 716 1046 bellicosa
723 1007 807 1046 anna
815 985 957 1046 induerat.
968 987 1036 1050 Nou
1045 984 1106 1046 hoc
1113 1000 1176 1046 est:
1187 988 1316 1046 immo

252 1101 345 1150 nemo
361 1077 417 1143 illo
432 1075 593 1158 pulchrior
605 1093 692 1132 arma
707 1071 828 1133 induit:
847 1075 936 1154 quasi
950 1071 1051 1148 dicat;
1068 1075 1242 1146 omnium,
1266 1096 1316 1154 qu

253 1168 481 1247 armaTrojana
493 1166 677 1236 induerunt,
687 1161 738 1223 hic
747 1163 808 1222 fuit
816 1161 1053 1243 pulcherrimus.
1064 1166 1176 1224 Nonne
1184 1167 1316 1225 statim

171 1278 173 1282 ·
246 1261 412 1342 ,pariterque
433 1256 465 1316 in
486 1250 562 1322 bella
583 1250 726 1317 urebant?
751 1272 791 1310 an
811 1252 878 1313 sine
897 1251 1010 1314 armiai'
1035 1251 1165 1327 deinde,
1191 1252 1316 1314 tenebo

251 1345 507 1431 perterritionem,
516 1362 582 1402 non
593 1355 676 1400 certe
686 1341 827 1404 inermis:
840 1353 870 1402 et
879 1359 1007 1402 ouruon
1016 1355 1169 1416 armatus,
1180 1344 1313 1402 etiams

253 1430 421 1496 imberbis?
435 1451 475 1488 an
488 1427 548 1488 hoc
561 1447 681 1488 novum
693 1428 727 1488 iu
741 1427 853 1492 militia
866 1429 1026 1503 Romana,
1041 1449 1135 1510 quam
1149 1449 1243 1510 saepe
1261 1430 1316 1488 ad·

251 1523 379 1586 umbrat
394 1515 507 1600 poeta?
524 1516 609 1592 Quin
626 1513 665 1574 de
681 1535 712 1573 se
723 1528 830 1596 postea
841 1514 1010 1596 Euryalus,
1027 1514 1203 1598 Amollcum
1224 1531 1316 1578 terro

252 1632 312 1672 rem
322 1611 405 1683 inter,
421 1620 479 1666 etc.

294 1699 359 1776 ¹8²2·
370 1695 525 1755 Amabant
534 1714 565 1754 se
574 1691 680 1767 unice3
691 1713 780 1767 nam,
787 1694 950 1773 pariterque
957 1694 989 1754 ia
996 1690 1071 1754 betta
1078 1691 1222 1752 mebant.-
1236 1691 1316 1754 huic

252 1787 352 1848 amori
365 1805 432 1844 sors
445 1785 514 1864 ipsa
525 1781 663 1856 faverat3
676 1802 751 1842 nam
767 1802 864 1861 quum
878 1796 961 1840 sorte
975 1780 1124 1842 darentur
1136 1781 1189 1845 has
1202 1796 1316 1844 custo·

252 1878 329 1951 diae,
342 1873 454 1934 accidit
467 1873 592 1953 utrique
604 1891 670 1932 sors
682 1873 858 1942 communis
870 1884 902 1932 at
914 1869 1051 1952 ejusdem
1063 1873 1227 1935 stationis.

296 1963 360 2040 184.
375 1961 526 2024 ardorem
540 1963 636 2020 animi
650 1964 698 2028 sui
711 1961 925 2022 declaraturus
936 1960 1090 2043 Euryalo,
1103 1960 1254 2037 dubitat,
1272 1983 1315 2022 an

250 2058 278 2115 is
290 2052 350 2114 sibi
363 2074 380 2112 a
393 2055 460 2113 Deo
472 2055 511 2130 ¹sit
523 2051 664 2127 additus,
678 2073 718 2112 an
730 2053 798 2133 ipse
810 2072 869 2111 asa
880 2049 1003 2112 habeat.
1017 2052 1074 2112 Sed
1087 2053 1158 2134 quis
1169 2063 1245 2112 erat
1258 2050 1314 2112 hic

250 2143 361 2205 ardor?
374 2163 513 2226 pugnam
530 2140 694 2216 invadere,
717 2156 771 2202 aut
786 2139 950 2224 quidpiam
961 2160 1127 2224 magnum
1146 2139 1310 2223 ducitque

249 2255 308 2318 pro
326 2245 528 2313 argumento,
549 2253 613 2294 non
632 2253 664 2292 se
683 2233 749 2292 otio
769 2231 825 2292 illo
843 2252 908 2300 esse
928 2244 1128 2306 contentum,
1149 2252 1211 2294 nac
1232 2233 1310 2294 satis

249 2325 410 2407 quietum:
433 2336 526 2382 vocat
544 2323 680 2403 quietem
699 2335 753 2382 aut
771 2321 889 2396 otium,
917 2323 1029 2382 inertes
1047 2319 1116 2384 illas
1134 2332 1164 2379 et
1190 2341 1306 2402 segnes

253 2411 386 2494 vigilias.

196 2543 197 2546 η
294 2500 359 2560 188.
374 2499 474 2558 Sumit
485 2497 575 2557 Nisus
588 2501 783 2559 occasionem
799 2495 1001 2580 aggrediendi
1016 2493 1165 2564 facinoris
1178 2497 1220 2557 ab
1234 2493 1306 2556 hos·

289 2613 348 2666 183,
361 2613 755 2685 Tuncquoquecommuai.Su·
798 2613 969 2668 desiderare:
986 2630 1036 2666 nae
1053 2615 1122 2666 eni·
1136 2623 1232 2683 potest
1247 2610 1304 2662 lieri

252 2711 303 2764 pra
320 2692 400 2759 dixit,
418 2705 490 2746 sorte
505 2693 615 2766 singulis
634 2695 754 2748 curanda
797 2706 827 2744 ut
839 2713 924 2765 prava
939 2695 1078 2745 numinum
1093 2691 1237 2744 voluntate
1255 2709 1301 2742 cu-

252 2773 314 2826 loca
324 2773 493 2842 provenisse:
510 2772 581 2842 quod
596 2775 685 2844 ipsum
694 2775 753 2828 fue·
797 2776 917 2845 piamun,
932 2773 1029 2846 quihus
1041 2773 1107 2826 nihil
1118 2773 1222 2826 malum
1237 2792 1302 2824 con-

251 2845 293 2904 r'at
305 2849 340 2908 ad
354 2853 465 2902 istorum
477 2851 646 2921 felicitatem,
659 2867 689 2906 ut
701 2873 751 2908 neo
778 2909 781 2920 ¹
796 2867 849 2907 stat
860 2854 983 2926 plaeere:
998 2853 1070 2906 unde
1081 2859 1152 2904 nunc
1166 2851 1215 2904 hic
1227 2865 1300 2903 ortus

227 2959 230 2966 v
250 2936 310 3005 ipsa
324 2949 381 2986 sors
396 2930 516 2984 divisisse
529 2932 666 2994 videatur,
683 2951 750 3006 quoa
796 2946 837 2986 ast
847 2951 955 2996 sensum
972 2933 1026 2985 hoo
1037 2935 1108 2986 anim
1122 2931 1190 2983 diois
1204 2933 1298 2994 Nisus,

252 3025 326 3066 tanta
337 3010 506 3069 familiaritas
521 3012 703 3082 copulaverat.
716 3015 749 3066 D.
795 3014 821 3065 Ο
829 3013 957 3085 Euryale,
967 3014 1046 3066 Diina
1055 3013 1152 3064 nostris
1163 3013 1300 3064 urentibus

290 3092 347 3158 184.
363 3091 432 3145 Dine
446 3089 644 3144 tancardum
657 3094 751 3144 menti·
798 3092 959 3162 cupiditates
971 3094 1092 3161 injiciunt
1106 3105 1132 3144 et
1147 3092 1298 3146 desiderio?

251 3173 295 3224 bus
315 3171 428 3233 addunt,
450 3168 589 3239 Euryale,
605 3179 652 3222 etc.
672 3171 753 3242 Apud
798 3191 831 3224 an
843 3173 915 3225 Deus
927 3173 956 3224 fit
967 3175 1027 3244 ipsa
1040 3176 1135 3225 mentia
1148 3175 1299 3246 cupiditas?

251 3251 385 3302 Plotinum
398 3247 604 3319 philosophum,
624 3261 650 3302 et
669 3250 751 3316 alios,
797 3251 964 3304 lncandorna
978 3251 1030 3304 hoc
1041 3251 1150 3307 ardente
1163 3251 1295 3306 desiderio

253 3330 397 3400 quaeritur,
423 3339 510 3380 utrum
534 3329 629 3382 mentis
654 3342 752 3382 nostrae
795 3331 845 3381 Dei
855 3330 967 3399 alicujus
977 3329 1171 3382 instinctui’dn
1184 3336 1294 3402 quisque

252 3411 322 3463 acies
335 3425 383 3477 per
393 3399 421 3457 se
433 3405 468 3462 ad
478 3407 639 3477 cupiditates
649 3421 677 3460 et
687 3428 751 3461 con·
796 3408 880 3460 diram
893 3422 920 3461 et
933 3411 1089 3461 immensam
1101 3427 1176 3460 suam
1193 3410 1294 3482 cupidi-

252 3490 312 3544 silia
324 3499 475 3550 moveatur,
492 3505 526 3538 an
538 3490 654 3559 impulsu
668 3489 751 3542 alicu·
795 3501 876 3540 tatem
887 3507 937 3559 pro
947 3488 1238 3542 Delinstinotuhahet?
1246 3489 1292 3541 set

250 3573 294 3642 jus
316 3567 453 3620 numinise
474 3578 501 3618 et
520 3569 606 3638 primo
628 3569 751 3622 dixerunt
795 3570 866 3620 enim
877 3567 1292 3642 dedivinishiscevaritislegen·

252 3659 353 3700 mentes
362 3642 491 3695 humanas
502 3648 602 3697 moveri
611 3664 751 3718 suaspon-
795 3647 844 3698 dus
857 3660 897 3700 est
909 3648 1051 3712 certasti,
1064 3667 1095 3718 9,
1107 3659 1134 3699 et
1144 3649 1168 3699 J.
1180 3650 1288 3702 Parrha·

252 3739 294 3778 te:
308 3721 541 3794 deprehenderunt
551 3736 638 3778 tamen
650 3727 684 3780 ad
697 3745 751 3779 om·
795 3728 848 3778 sius
858 3729 885 3778 in
895 3727 969 3780 Orat.
981 3746 1031 3798 pro
1041 3727 1142 3779 Milone
1152 3745 1179 3798 p.
1195 3732 1254 3799 159,
1267 3739 1289 3778 et

252 3807 297 3860 nia
307 3805 421 3858 honesta
436 3797 536 3873 impelli
547 3823 596 3856 nos
610 3807 710 3874 Genio,
722 3821 749 3860 at
794 3807 821 3856 P.
836 3808 969 3860 Victorius
984 3805 1030 3858 lib.
1045 3807 1105 3872 Vll,
1122 3823 1182 3878 cap.
1202 3811 1247 3862 ult.
1264 3821 1287 3859 at

252 3887 367 3938 numine.
380 3880 497 3953 quodam
515 3883 653 3950 familiari,
675 3887 750 3957 qnod
792 3884 1285 3954 xxvt,1‚erT.ttantemsvar.tt,t.

251 3964 329 4020 nobis
349 3961 519 4022 nutantibus
543 3961 642 4015 datura
666 3984 749 4036 prava
793 3967 862 4019 Sero.
875 3978 902 4018 et
915 3965 1025 4016 Taubm.

252 4062 329 4107 vero,
343 4053 435 4094 nostra
448 4053 536 4095 manto
547 4059 597 4096 nos
609 4061 708 4114 capara
722 4057 766 4099 at.
831 4047 888 4100 188.
907 4047 992 4100 tomis
1005 4063 1064 4119 quoe
1078 4044 1189 4100 domim
1205 4049 1286 4101 satec
