2726 4592
219 277 283 342 350
467 271 501 335 r.
525 263 756 334 vmermr
779 265 1010 377 Minonis
1096 243 1104 264 ”

323 397 356 448 Εῑ
367 405 454 459 vates,
467 395 511 444 cui
522 394 595 464 virgo
606 390 680 448 dedit
691 391 865 446 memorabile
878 411 976 451 nornen
1034 435 1037 444 .

323 475 433 526 Laurea.

217 617 364 678 Dissentit
379 614 416 672 ab
432 612 515 686 aliis,
530 611 583 692 qui
598 609 753 692 populum
770 611 946 674 nominant.
961 611 1104 678 Donatus
1120 616 1216 678 etiam
1233 620 1265 680 in

218 705 341 788 Virgilii
351 707 414 764 vita
427 705 468 783 (si
478 703 592 763 Donati
607 715 664 777 est,
676 721 744 782 quae
757 701 988 783 circumfertur)
999 705 1042 764 ita
1054 707 1097 766 ait
1109 728 1115 765 :
1131 709 1265 770 «Acces-

219 799 259 857 sit
276 794 359 856 aliud
377 794 573 876 presagium.
593 792 751 872 Siquidem
766 795 851 873 virga
868 792 1004 878 populea
1020 809 1108 856 more
1127 801 1265 878 regionis

219 889 252 946 in
262 885 444 967 puerperiis,
457 881 565 942 eodem
579 885 680 943 stetim
691 880 760 940 loco
773 880 901 968 depecta
911 927 919 958 ,
929 885 975 942 ita·
983 880 1071 944 brevi
1084 885 1219 964 coaluit,
1232 903 1266 949 ut

219 976 319 1038 multo
335 987 404 1034 onte
421 988 499 1034 satas
517 971 653 1054 populos
669 971 860 1054 adaequarit:
877 993 961 1052 quae,
979 971 1075 1034 arbor
1086 975 1212 1058 Virgilii
1228 999 1265 1037 ex

218 1089 254 1127 eo
265 1065 359 1138 (licta,
371 1077 463 1144 atque
473 1073 648 1120 consecrata
661 1074 720 1136 est,
733 1081 854 1119 summa
865 1061 1067 1144 gravidarum
1077 1077 1107 1123 et
1117 1063 1264 1126 foetarum

217 1156 375 1236 religione,
388 1152 620 1234 suscipientium
633 1147 677 1210 ibi
688 1165 718 1210 et
729 1151 915 1210 solventium
927 1167 1010 1214 vota.
1019 1179 1032 1208 n
1045 1153 1147 1216 Immo
1158 1155 1263 1214 Germ.

218 1259 248 1304 et
268 1243 426 1318 Nunnius,
448 1255 539 1321 atque
560 1239 653 1300 etiarn
673 1239 815 1303 Donatus
836 1239 964 1316 dicunt,
982 1254 1108 1324 poetam
1124 1241 1164 1306 od
1183 1240 1264 1302 hanc

219 1355 279 1396 suae
294 1333 403 1416 populi
418 1331 580 1394 historiam
593 1327 736 1394 allusisse
749 1352 842 1396 versu
854 1331 892 1394 23
908 1344 1027 1414 quarte
1041 1330 1213 1413 bEclogae3

323 1486 385 1556 lpsa
398 1483 446 1536 tibi
457 1481 572 1538 blandos
584 1481 699 1536 fundent
711 1483 846 1539 cunabula
857 1483 944 1539 flores.

217 1633 256 1692 Et
271 1627 397 1710 quidem
415 1625 529 1688 similis
547 1625 630 1686 fectu
650 1628 682 1689 in
699 1641 771 1690 ortu
783 1625 956 1689 multorum
971 1623 1196 1702 Ethnicorum,
1209 1645 1262 1688 cur

216 1739 280 1778 non
294 1738 351 1798 ego
364 1713 486 1776 credam
500 1717 587 1797 peria
598 1713 636 1776 de
645 1717 793 1800 Virgilio,
804 1715 928 1780 volente
941 1729 1057 1780 esterno
1072 1719 1202 1780 nurnine
1216 1717 1261 1780 iu·

216 1807 320 1866 dicere
333 1803 517 1867 mortalibus
529 1803 621 1888 quale
632 1806 814 1890 prodigium
829 1807 1022 1872 nasceretur?

666 2029 807 2058 *¹*-

590 2193 797 2272 CAPUT
826 2197 882 2271 ΙΙ.

235 2492 236 2498 ¹
254 2411 426 2468 Excuuumu
440 2404 516 2464 hinc
531 2406 563 2464 in
579 2404 639 2466 alia
656 2403 758 2487 elogia
770 2430 776 2467 :
789 2405 939 2488 placitum
955 2405 1090 2488 incipere
1107 2425 1125 2463 a
1147 2404 1259 2487 triplici

216 2519 327 2580 genere
341 2497 433 2572 boni,
447 2497 596 2571 Honesti,
606 2497 713 2573 Utilis,
726 2495 874 2558 Jucundi.

371 2667 502 2710 esocis
523 2645 688 2710 usnemu
708 2625 851 2710 sunere
872 2667 915 2708 ro
936 2663 1109 2706 renuero

215 2802 321 2878 Quum
333 2799 494 2872 honestas,
508 2797 691 2880 bonumque
702 2797 871 2861 honestum
884 2800 985 2878 signet
995 2795 1185 2878 probitatem
1198 2793 1260 2853 ani·

116 2895 119 2905 '
215 2895 276 2966 mi,
291 2904 320 2950 et
332 2902 514 2952 ornamenta
528 2890 695 2963 virtutum,
709 2888 814 2948 dicam
828 2887 893 2962 hic,
908 2907 979 2969 quse
990 2886 1093 2968 reperi
1107 2884 1149 2946 do
1160 2882 1260 2945 laudi·

215 2983 271 3043 bns
281 2981 476 3062 Virgilianis,
489 2999 557 3060 quse
570 2979 610 3038 ad
622 2981 770 3038 virtutem
782 2982 948 3060 pertinent.

672 3151 803 3195 runos.

257 3285 377 3362 Incipio
395 3281 565 3355 sPudore,
583 3281 657 3361 quia
672 3281 711 3346 eb
726 3303 763 3342 eo
773 3279 1036 3361 Virgiliusdictus
1050 3277 1259 3338 Punrumrst
1345 3317 1346 3334 t

217 3369 308 3449 hujus
322 3371 367 3427 rei
386 3383 475 3429 testes
493 3367 619 3450 profero
633 3371 810 3442 Donatum,
829 3365 842 3422 u
854 3381 953 3427 cetera
968 3385 1043 3424 sane
1057 3363 1137 3437 vita,
1159 3373 1190 3420 et
1210 3379 1261 3419 ore

216 3475 246 3518 et
258 3459 364 3517 animo
377 3469 442 3514 tam
453 3460 623 3538 probatum
635 3457 732 3517 fuisse
744 3468 879 3530 constat,
892 3467 928 3514 ut
939 3449 1071 3536 Neapoli
1083 3445 1262 3512 Parthenius

216 3546 311 3626 vulgo
334 3544 561 3630 appellaretur3
589 3567 640 3620 ec,
660 3548 686 3604 si
709 3543 835 3626 quondo
856 3545 981 3616 Romae,
1001 3559 1068 3619 quo
1087 3534 1261 3596 tardissime
1345 3579 1346 3590 ,

217 3632 420 3706 commeabat,
430 3634 591 3708 viseretur,
602 3635 634 3691 in
646 3631 776 3714 publico
789 3645 941 3694 sectantes
950 3628 1261 3706 demonstrantesque

219 3739 251 3778 se
259 3716 483 3799 subterfugeret
492 3722 523 3778 in
533 3723 710 3801 proximum
719 3734 836 3784 tectum
847 3743 860 3774 e
872 3741 878 3777 :
888 3732 917 3777 et
927 3717 1077 3787 Seruium,
1088 3713 1142 3794 qui
1156 3713 1189 3770 in
1200 3707 1261 3789 ejus

125 3881 127 3887 Ι
216 3807 296 3878 vita3
312 3828 326 3857 o
335 3804 413 3864 adeo
428 3819 531 3864 autem
547 3807 821 3868 verecundissimus
836 3805 913 3878 fuit,
933 3821 967 3863 nr
983 3823 1020 3863 ex
1037 3800 1179 3860 moribus
1194 3817 1261 3875 cog·

216 3913 331 3952 nomen
345 3895 513 3974 acciperet,
529 3915 602 3960 nam
619 3895 722 3958 dictus
737 3911 783 3958 est
796 3892 993 3966 Parthenios,
1007 3891 1095 3950 omni
1109 3890 1174 3946 uita
1189 3904 1260 3967 pro·

217 3977 333 4064 butus»
347 4003 354 4038 :
370 3995 399 4040 et
418 3983 590 4041 Ausonium
608 3985 651 4042 ita
672 3986 877 4046 scribentem:
898 4006 911 4038 n
922 3981 999 4061 qnisl
1016 3981 1112 4038 otiam
1131 3973 1259 4036 Parthe-
