2742 4596
468 321 533 391 nn
556 323 812 396 vrnornro.
1098 324 1161 413 ³93

118 448 224 531 Felix,
238 450 295 540 qui
307 448 387 515 viles
399 449 506 536 pomis
518 450 670 526 mercaris
682 454 826 516 amores!

164 557 252 622 Huic
264 555 342 621 licet
352 552 486 644 ingratae
497 557 630 646 Tityrus
643 557 713 644 ipse
726 573 830 622 canat.

12 697 14 720 ι
117 661 224 740 Felix,
238 660 397 726 intactum
408 659 563 750 Corydon
576 664 633 752 qui
646 678 750 727 tentat
762 663 883 728 Alexin

163 767 322 856 Agricolae
335 749 463 832 domini
475 769 608 858 carpere
621 768 768 833 delicias!
916 765 919 770 ’

116 873 276 955 Quamvis
290 873 344 938 ille
357 897 447 938 suam
460 873 563 939 lassus
575 876 753 965 requiescit
764 895 902 940 avenam
916 895 922 938 :

162 977 331 1045 Laudatur
343 980 454 1057 faciles
467 979 553 1045 inter
565 979 821 1072 Hamadryadas.

116 1091 170 1152 'l'u
183 1089 272 1153 canis
284 1089 404 1154 Ascraei
415 1089 535 1153 veteris
547 1105 713 1178 praecepta
724 1107 847 1177 poetae,

161 1198 237 1280 Quo
250 1219 343 1286 seges
355 1198 535 1286 in-campo,
549 1221 616 1286 quo
630 1198 713 1263 viret
724 1196 828 1262 herba
835 1199 926 1289 jugo.

10 1285 14 1364 ,'
117 1302 198 1366 Tale
210 1302 290 1368 facis
302 1325 435 1368 carmen
450 1303 548 1368 docta
560 1303 740 1384 testudine,
754 1305 851 1394 quale

161 1409 322 1499 Cynthius
334 1411 495 1498 impositis
508 1427 670 1499 temperat
680 1410 835 1475 articulis.

250 1645 253 1652 .
280 1586 626 1666 Qurrrrumuus
647 1587 848 1671 naama
865 1586 997 1667 nass.
1030 1557 1035 1564 ’

158 1735 254 1802 Idem
271 1737 366 1811 nobis
378 1762 439 1827 per
451 1743 616 1810 Romanos
630 1765 764 1832 quoque
776 1758 926 1807 auctores
941 1737 1023 1806 ordo
1038 1734 1160 1800 ducen-

8 1919 10 1930 ἶ
115 1845 177 1911 dus
193 1862 252 1911 est.
273 1849 389 1935 ltaque
404 1864 441 1912 ut
455 1847 543 1937 apud
558 1849 631 1916 illos
647 1853 827 1930 Homerus,
846 1849 891 1927 sic
905 1844 994 1938 apud
1009 1868 1069 1922 nos
1085 1841 1159 1922 Vir·

113 1951 226 2040 gilius,
245 1953 542 2040 auspicatissimum
561 1953 691 2021 dederit
712 1954 903 2023 exordium:
924 1952 1072 2039 omnium
1090 1947 1160 2038 ejus

112 2056 244 2145 generis
258 2072 432 2144 poetarum
449 2059 641 2125 Graecorum
656 2077 913 2151 nostrorumque
929 2057 977 2121 illi
992 2051 1083 2120 haud
1098 2049 1159 2115 du·

110 2157 167 2224 bie
182 2162 362 2248 proximus.
381 2162 463 2226 Utar
477 2164 566 2248 enim
583 2163 692 2229 verbis
706 2162 838 2241 iisdem,
859 2183 933 2251 quae
947 2159 989 2224 ab
1003 2158 1082 2222 Afro
1094 2157 1159 2230 Do-

110 2266 207 2332 mitio
213 2265 345 2357 juvenis
355 2268 482 2355 accepi,
496 2269 553 2358 qui
563 2267 645 2332 mihi
655 2269 883 2356 interroganti,
900 2287 1001 2354 quem
1011 2265 1159 2326 Homero

110 2373 264 2442 crederet
281 2374 422 2438 maxime
438 2373 612 2464 accedere3
633 2373 821 2452 Secundus,
843 2373 964 2462 inquit,
988 2387 1038 2435 est
1055 2367 1158 2454 Virgi-

109 2481 174 2546 lius
187 2504 194 2542 :
207 2481 344 2568 propior
358 2495 468 2545 tamen
483 2482 607 2568 primo,
621 2505 722 2571 quam
736 2482 850 2546 tertio:
869 2495 902 2543 et
916 2477 1042 2554 hercle,
1062 2489 1099 2536 ut
1111 2471 1158 2535 illi

109 2605 238 2652 naturae
261 2587 380 2654 caelesti
401 2605 501 2678 atque
520 2590 697 2655 immortali
717 2590 925 2666 cesserimus,
950 2587 994 2651 ita
1015 2603 1102 2649 curae
1125 2593 1159 2643 et

109 2695 291 2784 diligentiae
304 2698 358 2760 vel
372 2695 449 2761 ideo
461 2698 495 2762 in
509 2696 574 2762 hoc
589 2699 664 2786 plus
680 2714 744 2778 est,
762 2696 853 2787 quod
871 2696 901 2760 ei
916 2694 980 2758 fuit
994 2690 1096 2780 magis
1110 2687 1157 2750 la·

108 2799 313 2882 horandum3
329 2817 362 2866 et
374 2818 535 2890 quantum
549 2803 822 2868 eminentioribus
833 2801 1007 2876 vincimur,
1018 2798 1158 2860 fortasse

7 2913 8 2920 ’
109 2903 297 2994 aequalitate
311 2927 498 2992 pensamus.
514 2907 623 2971 Ceteri
635 2929 750 2970 omnes
762 2906 861 2992 longe
874 2917 1067 2991 sequuntur.

336 3089 354 3140 ἰ’
438 3079 702 3142 ANTHOLOG.
723 3081 761 3155 V,
783 3076 831 3160 74.

190 3237 241 3293 Καὶ
251 3237 320 3311 φίλος
329 3237 478 3292 Αὐσονίοισι
489 3235 617 3312 λιγύθροος
629 3233 718 3312 inperce
731 3238 820 3298 κύκνος

158 3409 160 3414 Α
187 3336 284 3390 Πνιίων
295 3334 395 3397 timim
406 3332 543 3410 Βιργίλλιος
556 3350 563 3366 ·
577 3330 605 3389 ὅν
616 3353 678 3389 ποτε
690 3317 780 3409 ῥώμης

187 3431 315 3510 Θυμὸριὰς
325 3429 401 3488 ἄλλον
413 3413 512 3509 ὅμοροι
523 3432 637 3508 ἀνέτριοι
648 3429 768 3508 πατρίδος
780 3432 847 3505 ἠχώ.

164 3593 354 3672 STATIUS,
374 3594 501 3654 THEB.
521 3545 601 3672 xll,
624 3596 697 3668 816,
717 3614 802 3654 suum
812 3613 916 3676 poema
929 3590 1095 3674 alloquitur.

70 3797 72 3802 ·
107 3756 204 3836 Vive,
217 3777 351 3844 precor,
365 3777 426 3819 nec
438 3770 474 3818 tu
486 3734 631 3820 divinam
644 3751 780 3818 AEneida
793 3735 897 3832 tenta,

107 3864 170 3932 Sed
183 3865 283 3954 longe
295 3886 450 3954 sequere,
464 3882 498 3931 et
509 3865 643 3954 vestigia
657 3886 788 3953 semper
799 3861 909 3930 adora.
