2726 4592
336 337 580 402 roccone
603 338 638 400 o.
663 333 887 403 tarrac.
1068 337 1134 422 329
1213 317 1219 402 ς

91 465 211 539 minax,
227 472 300 523 c'um
314 463 431 520 victore
445 456 632 519 luctabatur.
649 460 907 522 Hos'animorum
922 459 1135 533 aestussedare

91 551 242 634 Virgilius
255 549 317 610 sibi
329 549 506 631 proposuit;
521 546 717 627 tenerasque,
727 561 756 606 et
766 569 801 608 ex
811 549 983 609 recentibus
993 546 1133 608 vulneri*
1197 601 1199 606 .

88 640 149 702 bus
164 640 269 702 adhuc
281 638 392 700 molles
402 641 616 699 Romanorum
629 652 746 697 mentes
757 641 801 698 ita
810 639 872 699 levi
884 661 979 699 manu
988 649 1135 710 tractare,

90 743 123 789 ut
136 731 270 812 Augusti
282 728 452 810 imperium
463 747 553 808 aequo
567 726 673 785 animo
687 725 815 786 ferrent.

126 827 233 908 Neque
251 827 354 886 solum
372 827 585 885 Romanorum
605 825 724 884 animos
741 833 923 884 convertere
938 823 1073 884 decrevit
1092 817 1134 878 acl

88 936 229 976 amorem
242 916 408 999 principis,
427 913 480 974 sed
497 915 535 973 iis
549 915 642 973 etiam
657 911 722 994 ejus
736 927 844 996 pectus
859 913 998 973 imbuere
1013 907 1134 970 studuit

87 1003 273 1081 virtutibus,
288 1025 358 1088 quae
371 1026 443 1064 eum
458 1005 510 1085 qui
527 1005 673 1086 imperat,
695 1005 758 1064 suis
773 1025 870 1086 quam
884 1002 1134 1085 acceptissimum

89 1092 239 1154 efficiunt.
257 1096 412 1177 Augustus
426 1096 460 1153 in
475 1093 592 1154 excelso
608 1112 643 1152 ac
658 1095 810 1175 praeeipiti
824 1095 958 1175 positus,
976 1090 1050 1150 hinc
1065 1108 1133 1168 sep·

88 1195 138 1244 tus
152 1184 249 1262 odiis,
263 1185 351 1246 illinc
363 1181 612 1258 adulationibm,
626 1185 707 1244 inter
719 1184 856 1244 infensos
869 1183 929 1244 sibi
941 1193 970 1241 et
982 1178 1135 1260 abjectos,

88 1293 202 1354 anceps
216 1271 323 1333 adibat
333 1274 521 1356 periculum,
534 1295 573 1332 ne
586 1289 780 1354 exasperatus
790 1274 829 1333 ab
843 1273 904 1332 illis
917 1271 954 1330 ad
968 1268 1133 1339 saevitiam,

87 1361 126 1420 ab
138 1359 190 1420 his
202 1375 369 1442 corruptus
382 1360 420 1420 ad
434 1361 609 1442 superbiam
622 1359 793 1420 efferretur.
806 1363 881 1420 Haec
895 1373 1026 1437 utraque
1038 1353 1134 1434 pestis
1148 1370 1158 1391 ²

85 1469 126 1507 ue
139 1450 277 1530 principi
291 1464 431 1526 noceret,
453 1470 489 1508 ea
502 1451 658 1529 praecipue
669 1450 761 1523 vitia,
780 1468 850 1530 quae
864 1466 953 1505 novae
964 1439 1133 1525 praesertim

85 1539 235 1618 potentiae
244 1537 451 1598 adhaerescere
460 1537 570 1612 solent,
581 1539 728 1598 circumci
753 1558 803 1596 ere
813 1534 963 1616 Virgilius
975 1548 1136 1612 aggressus

86 1639 146 1701 cst,
159 1629 387 1708 arrogantiam,
400 1629 447 1688 sui
460 1629 663 1708 Deorumquc
675 1625 883 1700 oblivionem,
896 1623 970 1683 odia
981 1621 1138 1702 partium,

86 1737 188 1776 acrem
204 1719 393 1796 injuriarum
408 1719 602 1777 memoriam.
1136 1731 1138 1734 '

92 1837 97 1842 ’
123 1813 237 1894 ltaque
251 1826 341 1894 poeta
356 1834 421 1873 non
435 1813 527 1873 famae
543 1813 645 1873 solum
660 1835 737 1890 suae,
758 1811 809 1872 sed
825 1826 855 1872 et
869 1811 987 1872 civibus
1005 1819 1036 1867 et
1048 1804 1137 1888 prin.

87 1903 151 1983 cipi
174 1903 325 1978 serviens,
350 1902 431 1963 hanc
453 1905 600 1964 universo
622 1904 760 1986 poemati
782 1899 912 1982 subjecit
933 1895 1133 1964 sententiam,

3 2025 4 2036 κ
86 1991 168 2051 Deos
181 2012 292 2052 eorum
304 2014 423 2074 semper
434 1992 646 2052 incolumitati
666 1991 847 2074 invigilare,
864 2012 943 2073 quos
962 1988 1001 2048 ad
1018 1999 1134 2062 magna

86 2100 192 2138 rerum
207 2082 297 2140 initia
312 2079 505 2160 delegerunt3
524 2095 558 2140 ut
573 2081 711 2140 infensos
725 2081 862 2162 principi
878 2080 998 2137 animos
1013 2089 1135 2132 coerce·

86 2181 150 2226 ret:
174 2171 315 2249 tyrannis
324 2189 415 2243 vero,
425 2183 454 2228 et
464 2171 503 2228 iis
515 2171 569 2250 qui
580 2171 784 2229 inclementer
800 2171 971 2247 imperant,
987 2161 1134 2220 exitiosos

3 2301 4 2310 η
84 2255 274 2338 plerumque
285 2259 383 2318 exitus
396 2258 590 2340 impendere,
605 2273 640 2316 ut
653 2263 828 2337 Augustum
840 2254 988 2314 Romanis
1000 2245 1136 2331 placabi-

85 2339 162 2418 lem,
176 2345 253 2404 etin
267 2345 391 2404 infmita
404 2359 555 2427 potestate
568 2348 615 2404 sui
627 2357 787 2426 potentem
799 2353 968 2424 praestaret.

125 2444 201 2502 Haec
221 2458 326 2505 autem
345 2444 533 2505 documenta
553 2465 616 2526 quo
631 2442 778 2502 blandius
793 2440 972 2511 influerent,
992 2431 1134 2494 fabulam
1223 2475 1230 2482 .

86 2533 129 2591 ita
140 2531 233 2593 finxit
243 2555 347 2609 suam,
361 2549 395 2594 ut
407 2557 478 2594 cum
490 2533 620 2594 consilio
631 2554 686 2593 suo
697 2533 833 2591 maxime
843 2529 1047 2589 consentiret:
1059 2539 1133 2580 nam

3 2675 5 2682 .
87 2633 117 2679 et
127 2623 217 2701 pium
233 2622 293 2682 sibi
306 2624 410 2702 Heroa
422 2625 589 2705 proponit,
602 2624 735 2682 cuicum
748 2623 886 2701 Augusto
902 2615 1009 2676 omnia
1023 2627 1135 2670 conve-

88 2710 208 2784 nirent3
232 2726 263 2769 et
279 2731 331 2771 eos
348 2713 408 2792 ipsi
425 2713 555 2770 comites
573 2709 730 2791 adjunxit,
754 2707 793 2767 ad
814 2728 947 2788 quorum
965 2701 1134 2780 imaginem

86 2798 222 2857 Romani
241 2797 278 2858 eo
299 2820 329 2859 se
349 2813 574 2881 componerent
592 2799 755 2872 libentius,
778 2795 863 2877 quod
884 2793 924 2854 ab
941 2793 978 2851 iis
998 2801 1081 2848 ortos
1102 2801 1134 2841 se

86 2884 306 2966 gloriarentur.
319 2889 432 2970 Ecquis
447 2891 529 2948 enim
545 2890 674 2948 AEneam
688 2903 719 2946 et
733 2889 905 2967 Augustum
920 2885 1001 2941 inter
1016 2897 1047 2936 se
1062 2893 1136 2933 con-

85 2977 206 3049 tulerit,
220 2981 298 3060 quin
310 2977 442 3038 alterum
455 2978 494 3038 ad
508 2980 633 3038 alterius
644 2976 882 3039 similitudinem
892 2973 1011 3032 facturn
1020 2961 1136 3059 intelli:
1156 2972 1157 2983 ¹

87 3063 157 3144 gat?
178 3066 263 3126 Alter
281 3089 317 3127 ex
333 3069 544 3148 potentissimi
564 3068 689 3149 imperii
709 3066 823 3140 ruinis,
843 3076 925 3122 etex
944 3059 1040 3134 longo
1059 3046 1136 3150 belll

87 3152 252 3230 incendio,
270 3157 419 3216 exstincta
433 3157 552 3236 Regum
566 3157 732 3238 progenie,
745 3151 931 3214 ducentibus
945 3141 1137 3220 fatis,erip1-

85 3257 152 3316 tur;
166 3243 243 3304 alter
254 3246 402 3328 prolapsa
410 3243 568 3320 libertate,
580 3266 616 3304 ex
627 3245 776 3305 diuturna
786 3243 913 3302 flamma
923 3233 1064 3298 civilium
1073 3225 1137 3286 bel-

86 3332 207 3407 lorum,
227 3334 341 3394 collisis
356 3337 438 3394 inter
449 3355 481 3394 se
495 3333 663 3417 fractisque
677 3347 724 3394 tot
737 3333 867 3393 ducibus
879 3326 1021 3409 egregiis,
1037 3323 1069 3378 in
1084 3339 1138 3400 pa-

88 3423 156 3482 triae
168 3419 265 3481 ferme
280 3421 438 3483 cineribus
452 3436 593 3482 remanet
607 3423 756 3482 ultimus:
772 3421 825 3478 ille
839 3418 918 3477 mari
931 3429 1087 3492 terraque,
1102 3409 1137 3465 in

87 3514 175 3586 Asia,
191 3513 319 3594 Europa
331 3527 361 3573 et
373 3513 491 3589 Africa,
506 3511 753 3594 multis'jactatus
765 3507 927 3591 periculis,
941 3527 1039 3588 quum
1051 3503 1137 3560 luno

87 3603 171 3662 Deos
181 3614 214 3661 et
222 3600 376 3678 homines,
386 3603 469 3663 Dido
479 3603 649 3676 illecebras,
662 3605 786 3661 Turnus
796 3600 893 3661 Italiae
903 3599 983 3656 vires
994 3596 1028 3653 in
1038 3593 1137 3674 ipsius

87 3691 218 3750 exitium
236 3701 390 3764 moveret3
409 3688 462 3750 hic
483 3704 517 3752 et
531 3690 728 3750 terrestribus
748 3700 777 3746 et
795 3685 958 3746 navalibus
974 3681 1086 3764 pugnis
1103 3679 1137 3736 in

88 3780 178 3840 omni
187 3792 275 3860 parte
285 3791 437 3840 terrarum
448 3769 640 3854 exercitatus,
650 3779 684 3837 in
691 3781 786 3838 Bruto
797 3789 826 3836 et
833 3775 938 3835 Cassio
949 3775 1031 3854 ipsos
1039 3787 1138 3850 prope

87 3867 247 3930 libertatis
258 3870 354 3946 Deos,
364 3871 401 3929 in
413 3871 551 3930 Antonio
563 3872 720 3943 Turnum,
733 3869 766 3926 in
779 3864 944 3948 Cleopatra
954 3874 985 3922 et
996 3861 1074 3919 iram
1084 3859 1138 3915 Ju-

88 3957 183 4016 nonis
199 3968 229 4014 et
247 3955 380 4016 Didonis
398 3957 556 4028 lenocinia
574 3971 734 4039 expertus:
753 3966 882 4035 uterque
901 3952 975 4012 novi
995 3950 1029 4006 in
1047 3942 1138 4005 ltalia

88 4046 213 4126 imperii
238 4045 398 4108 conditor:
419 4049 452 4108 in
471 4045 532 4109 hoc
551 4061 680 4130 uterque
700 4057 882 4126 occupatus,
904 4053 1023 4102 utnon
1044 4032 1138 4093 armis
