2742 4596
559 287 997 384 ARGUMENTA

322 576 739 705 'ornauit
782 577 1210 744 vincturi

259 889 986 918 mfflmfflvmmwmfflwwmffl
990 892 1187 914 mmmm
1193 893 1257 914 ΗΜΛ
1264 895 1314 914 m

769 1093 794 1156 1.

387 1279 616 1367 Arqumentum
630 1273 767 1336 omnium
781 1293 909 1359 operum
924 1269 957 1332 V
955 1261 1182 1358 irqilianorum.

264 1422 304 1523 P
308 1473 462 1521 asroauru
474 1457 606 1518 Musam
618 1451 708 1516 vario
720 1449 898 1528 certamine
911 1449 1042 1537 promit.
1074 1497 1077 1503 .

261 1566 358 1628 Ruris
371 1566 450 1628 item
463 1563 579 1628 docilis
592 1559 753 1626 culturam
765 1558 909 1623 carmine
921 1573 1094 1639 monstrat;

261 1671 443 1737 Arboribus
456 1673 573 1750 vitem,
587 1668 715 1758 prolem
729 1689 863 1756 quoque
872 1665 982 1754 jungit
995 1667 1105 1747 olivae,
1137 1733 1143 1742 ,

262 1779 502 1866 Pastorumque
515 1777 628 1854 Palen,
643 1791 675 1838 et
687 1797 799 1840 curam
812 1771 912 1838 tradit
924 1795 1105 1862 equorum;

263 1881 360 1944 Tunc
372 1883 485 1970 apium
497 1881 630 1960 seriem,
645 1897 677 1942 et
689 1902 764 1968 quae
776 1878 883 1943 mellis
896 1877 997 1958 dona,
1010 1896 1171 1944 recenset.

264 1987 381 2051 AEneas
394 1987 553 2076 profugus
566 1987 664 2050 intrat
676 1985 882 2073 Carthaginis
894 2006 977 2049 oras
1076 2055 1079 2061 Δ

264 2092 418 2157 Convivis
431 2093 531 2158 series
544 2107 694 2156 narratur
706 2092 825 2155 Troica
835 2089 924 2154 belli.

264 2197 397 2262 Tertius
409 2214 442 2262 at
454 2197 598 2285 complet
610 2197 771 2260 narrantis
783 2198 818 2259 in
831 2195 947 2260 ordine
960 2213 1062 2283 gesta.

264 2302 368 2368 Ardet
379 2327 491 2368 amans
504 2302 591 2369 Dido
604 2303 709 2367 fatum
721 2301 835 2366 sortita
846 2322 1049 2389 supremum.

265 2409 408 2492 Quintus
420 2409 522 2474 habet
532 2411 621 2474 varia
631 2409 751 2473 tumuli
764 2406 948 2498 spectacula
960 2407 1073 2494 patris.

266 2516 419 2580 Infernos
432 2516 515 2580 Ditis
528 2518 643 2580 Manes
656 2507 689 2578 et
700 2537 801 2602 regna
813 2528 970 2602 pererrat.

266 2620 306 2682 [ln
318 2621 449 2684 Latium
461 2622 593 2699 AEneas,
608 2619 704 2683 Italas
717 2618 814 2682 simul
826 2619 926 2682 intrat
937 2619 972 2681 in
985 2639 1068 2686 oras.

266 2729 400 2792 Intonat
411 2727 489 2794 hinc
500 2728 625 2793 bellum
637 2728 716 2793 tecti
728 2727 770 2792 de
783 2725 926 2792 culmine
938 2729 1082 2808 Turnus.
1143 2775 1146 2782 -

266 2835 447 2926 Euryalum
459 2853 492 2900 et
502 2837 619 2902 Nisum
632 2835 732 2900 deflet
745 2857 821 2900 cum
832 2850 935 2898 matre
944 2834 1113 2924 juventus.

266 2943 411 3007 Mezenti
423 2945 574 3009 interitus
587 2943 729 3022 canitur,
743 2960 818 3032 post
830 2943 947 3006 funera
959 2943 1071 3008 Lausi.

266 3047 410 3138 Ultaque
424 3047 544 3114 dehinc
558 3049 662 3112 fertur
674 3049 740 3114 telo
752 3059 890 3114 mactata
903 3049 1048 3114 Camilla.

267 3154 373 3218 Turni
385 3157 451 3220 vita
463 3156 548 3244 fugit
559 3156 704 3222 infernas
717 3173 834 3222 moesta
847 3154 909 3222 sub
922 3155 1066 3222 umbras.

763 3327 811 3391 11.
909 3419 912 3426 f

450 3451 594 3560 Asmenii
607 3495 722 3562 Versus
735 3500 767 3562 in
780 3496 854 3563 cod.
871 3499 906 3561 V
902 3501 972 3562 atie.
986 3522 1016 3561 n.
1036 3498 1129 3586 1574.

268 3657 395 3720 Primus
407 3655 507 3722 habet
518 3661 693 3752 pelagique
705 3666 809 3730 minas
822 3682 986 3756 terraeque
999 3663 1182 3746 secundus;

221 3845 222 3849 Ἰ
269 3763 401 3828 Tertius
414 3786 557 3847 errores;
569 3785 601 3833 et
613 3791 741 3838 amores
754 3789 890 3860 quartus
902 3760 1030 3854 Elissae3

302 3924 321 3973 l.
336 3923 359 3974 3.
372 3925 484 3976 Versum
496 3946 550 3978 non
562 3932 625 3982 satis
637 3932 766 4006 intelligo,
811 3955 839 3988 re
857 3949 918 4008 post
935 3935 1061 4004 arbores,
1078 3936 1174 3987 vitium
1195 3949 1220 3987 et
1241 3933 1319 3986 oliva

267 4002 318 4054 nisi
321 4006 432 4074 junqent
444 4017 483 4055 est
498 4009 676 4078 precipiendo
687 4013 767 4066 adde·
811 4013 948 4066 culturam.
