2704 4582
266 332 325 407 114
588 315 969 381 COMMENTAMA

262 468 331 530 quae
352 443 479 504 referret
499 438 736 498 similitudinem
756 437 874 497 AEnese:
900 435 1021 496 eddidit
1038 437 1116 512 tela,
1138 439 1316 521 clypeum,

259 533 352 615 jubas
364 555 370 590 :
385 533 417 590 in
428 529 485 588 hae
495 527 594 587 forma
606 525 701 586 nullae
711 527 792 584 vires
804 547 811 582 ε
827 538 915 584 erant
924 525 1030 600 verba,
1041 527 1094 586 sed
1104 525 1170 586 haec
1180 530 1294 587 inani-a
1306 549 1316 584 :

264 643 374 695 sonus,
389 619 440 679 sed
453 620 518 678 sine
530 632 631 676 mente
643 639 649 674 :
666 634 800 695 gressus,
814 613 868 672 sed
883 613 934 674 hic
946 613 1046 674 fictus.
1057 617 1109 675 Ait
1120 615 1257 696 Scaliger
1268 617 1319 674 de

262 711 314 772 his
328 707 484 779 versibus,
499 701 687 787 essesacilius
702 699 875 782 intelligere,
889 716 975 782 atque
986 703 1126 762 admirari
1132 727 1144 775 ,·
1159 725 1249 783 quam
1262 699 1319 761 vel

264 799 388 870 imitari,
411 793 456 854 vel
473 791 624 874 explicare.
650 789 830 871 legendum
851 809 945 870 porro
965 787 1121 862 assimilat,
1147 811 1213 850 non
1234 792 1315 848 assi-

264 909 293 946 m
318 885 367 946 lot.

296 910 370 1049 liti.
385 973 528 1052 Sequitur
543 969 705 1050 aptissima
719 968 930 1048 comparatio:
952 979 1017 1027 erat
1032 967 1135 1026 forma
1147 967 1201 1026 illa
1216 967 1316 1046 qnasi

263 1065 401 1136 idolum,
417 1061 548 1140 figuram
558 1070 765 1138 vocatpoeta,
780 1056 918 1116 defuncti
932 1055 1088 1131 hominis;
1103 1056 1208 1137 qualia
1221 1054 1318 1114 idola

263 1152 407 1211 feruntur
420 1148 566 1208 volitare:
587 1160 641 1206 ant
653 1147 750 1204 instar
762 1146 893 1218 somnii,
914 1165 977 1224 quo
992 1143 1092 1204 solent
1109 1142 1216 1202 deludi
1234 1142 1316 1200 dor-

264 1239 428 1297 mientium
443 1251 569 1296 mentes.
584 1235 672 1294 Certe
684 1231 774 1292 Pind.
787 1231 846 1292 Od.
859 1233 940 1292 Vlll.
956 1230 1048 1313 Pyth.
1062 1244 1228 1312 utramque
1240 1249 1316 1288 rem

265 1327 441 1406 conjunxit,
460 1337 531 1393 σκωὶς
543 1323 601 1403 ὄναρ
613 1324 755 1402 isimon:
772 1320 880 1382 umbrie
890 1323 1036 1380 somnium
1048 1319 1194 1392 homines,
1213 1332 1248 1378 nt
1263 1319 1315 1376 vi-

265 1414 337 1472 deas
357 1433 450 1496 quam
466 1431 531 1470 non
549 1411 616 1468 sine
635 1409 810 1468 imitatione
826 1407 951 1488 Virgilii
969 1422 1136 1488 utramque
1154 1426 1221 1466 rem
1239 1425 1318 1463 con-

263 1501 396 1582 junctim
410 1498 578 1558 advocarit.

305 1587 373 1664 643.
390 1588 490 1668 Coepit
504 1587 608 1644 statim
623 1585 726 1663 imago
742 1583 796 1642 illa
810 1583 962 1644 exsultare
982 1597 1056 1644 ante
1070 1583 1165 1658 acies;
1186 1582 1317 1640 irritare

221 1666 227 1672 ⁶
265 1677 406 1734 Turnum
420 1673 489 1734 telis
501 1687 532 1732 et
546 1692 639 1732 voce:
655 1671 705 1731 hic
718 1672 849 1746 instare,
863 1670 984 1732 hastam
996 1671 1167 1749 conjicere3
1182 1666 1237 1726 illa
1249 1681 1316 1728 ter-

268 1785 342 1844 gum
355 1763 427 1820 dare
440 1778 471 1821 et
480 1761 595 1842 fogere.
1234 1811 1238 1822 ,

308 1847 376 1930 647.
392 1849 514 1907 Putavit
525 1851 648 1906 Turnus
663 1867 731 1905 vere
742 1848 869 1906 AEneam
880 1847 1005 1928 fugere:
1019 1849 1123 1927 itaque
1135 1843 1247 1926 plenns'
1259 1865 1317 1924 spe

269 1951 299 1998 et
309 1940 414 1995 animo
429 1935 534 2016 fugam
547 1936 633 2016 illam
647 1938 804 2016 increpat,
816 1957 855 1996 ne
865 1935 1019 1997 thalamos
1028 1935 1165 1994 Laviniae
1177 1933 1318 2005 deserat,

269 2025 336 2082 fore
349 2037 383 2082 ut
396 2025 494 2082 vietus
507 2023 596 2082 hasta
609 2044 662 2082 sua
678 2038 791 2082 terram
807 2038 916 2084 teneat.
937 2024 984 2083 Ad
1001 2023 1082 2097 haec,
1101 2041 1191 2080 voces
1206 2019 1318 2090 addit3

269 2113 389 2174 hastam
402 2129 560 2188 coruscat;
575 2135 675 2194 neque
689 2116 781 2173 sentit
795 2117 887 2176 miser
898 2137 928 2174 se
939 2107 1074 2175 inaniter
1085 2111 1230 2192 gaudere.

221 2303 223 2308 f
269 2266 342 2335 pingi
357 2277 435 2335 atque
450 2265 587 2316 efformari
597 2283 651 2315 non
666 2284 696 2315 ex
709 2283 768 2317 aere
814 2278 871 2333 eat,
893 2269 1004 2337 “Usque
1022 2257 1124 2317 a'deone
1141 2264 1209 2314 mori
1230 2264 1316 2314 mise-

271 2346 370 2411 solum,
384 2345 431 2397 sed
438 2364 469 2396 ex
477 2345 768 2415 nubibus,vaporibus,
814 2364 873 2397 rum
885 2351 938 2398 est?
949 2349 1018 2400 Serv.

272 2423 497 2488 exhalationibus,
517 2423 569 2475 hoc
588 2426 646 2494 ipso
667 2424 770 2495 Virgilii
849 2425 910 2494 647.
936 2427 1039 2476 AEnean
1064 2442 1189 2476 numm.
1213 2425 1317 2476 Nescio

272 2522 349 2556 versu
366 2504 463 2573 probat
479 2502 693 2572 diligentissimus
706 2503 770 2554 Del·
816 2521 869 2574 quo
890 2506 990 2555 factum
1011 2505 1082 2566 fato,
1104 2515 1133 2554 nt
1152 2503 1318 2574 typographi

272 2587 327 2636 rius
346 2584 392 2634 lib.
410 2586 447 2646 ll,
464 2584 558 2651 Disqu.
575 2583 670 2651 Magio.
686 2600 770 2651 quaes-
815 2601 920 2653 semper
935 2581 1069 2634 excudunt
1085 2585 1211 2647 AEneam,
1232 2601 1317 2653 quum

272 2666 345 2713 tione
360 2679 407 2730 27,
420 2663 537 2712 sectione
551 2679 573 2711 2.
593 2662 635 2712 Fit
647 2663 717 2710 enim
731 2663 770 2712 uti
815 2664 887 2735 Virg.
907 2665 1044 2734 scripserit
1066 2664 1169 2713 AEnean
1190 2665 1318 2714 termina-

273 2743 324 2794 hac
335 2759 422 2792 rerum
432 2741 554 2790 mistione
564 2739 669 2790 facilius
679 2741 770 2790 formae
815 2745 888 2795 tione
901 2743 994 2795 Graeea
1005 2745 1032 2793 in
1043 2760 1074 2805 n,
1085 2759 1140 2792 non
1149 2743 1177 2792 in
1188 2761 1229 2806 m,
1241 2742 1317 2812 quod

275 2837 301 2876 et
318 2821 436 2875 membra
448 2821 641 2892 exprimantur,
662 2820 771 2892 conglu-
816 2821 887 2874 clare
896 2822 998 2873 indicat
1007 2822 1081 2872 loeus
1094 2823 1120 2870 in
1131 2839 1185 2890 quo
1198 2840 1273 2874 sum:
1287 2840 1319 2872 ac

275 2905 405 2965 tinentur,
419 2898 622 2951 condensentur.
767 2943 772 2957 .
816 2901 943 2972 proinde,
957 2914 987 2952 ut
998 2901 1055 2966 hic,
1070 2903 1108 2951 ita
1119 2900 1197 2966 alibi,
1210 2920 1318 2973 semper

303 2981 504 3053 637.1nfaciem
511 2981 771 3048 AEtteae.QureAEneae
817 2981 996 3034 scribendum.
1012 2980 1098 3032 Cerda.

275 3066 371 3116 faciem
384 3061 516 3114 habebat:
531 3075 610 3132 atque
622 3061 674 3112 hoc
687 3062 772 3116 exde·
852 3062 912 3131 649.
934 3063 1033 3114 Pactos.
1058 3062 1137 3112 Nunc
1157 3065 1296 3132 passivum
1311 3086 1317 3112 :

277 3162 340 3194 coro
357 3141 447 3192 fictum
464 3154 518 3205 est,
537 3159 571 3192 ne
586 3143 626 3191 vir
640 3143 717 3191 fortis
730 3142 773 3214 fu·
818 3156 860 3207 nt,
878 3145 978 3194 «Paeto
987 3142 1109 3214 puella.»
1125 3170 1159 3180 -
1177 3143 1319 3196 Thalamos

276 3225 343 3294 gisse
353 3221 496 3272 videretur.
505 3221 682 3292 -Jubasque
694 3223 773 3290 Prop-
818 3243 851 3274 ne
861 3224 944 3276 desere
952 3234 1049 3294 pactos.
1066 3223 1131 3272 Cum
1145 3223 1269 3288 Lavinia,
1291 3224 1320 3274 si-

277 3313 318 3352 ter
338 3301 461 3369 equinam
483 3298 610 3362 caudam,
635 3317 692 3369 quae
716 3317 772 3350 esse
818 3304 934 3370 peririis:
959 3304 1035 3372 quasi
1062 3301 1147 3363 dicat;
1177 3317 1318 3373 exspecta,

277 3379 380 3431 solebat
390 3381 416 3427 in
426 3378 524 3449 galeis:
538 3377 609 3429 unde
622 3391 675 3442 est,
688 3401 698 3423 u
710 3381 773 3428 cris·
819 3381 882 3432 dum
899 3395 1002 3442 servata
1018 3393 1157 3452 pactorum
1174 3381 1228 3433 lide
1239 3396 1318 3453 opta-

276 3475 357 3531 taque
365 3458 482 3508 hirsutus
492 3459 597 3528 equina.
610 3481 620 3503 n
632 3457 658 3508 S.
667 3457 774 3510 -Vide
819 3475 872 3512 tam
885 3461 967 3513 duces
979 3480 1096 3514 uxorem.
1111 3461 1221 3512 Taubm.

276 3555 353 3592 notas
367 3537 418 3587 vol.
432 3539 476 3601 IV,
486 3556 547 3606 pag.
565 3537 612 3589 163
625 3550 650 3588 et
665 3555 720 3608 seq.
853 3539 913 3593 652.
928 3543 982 3593 Nee
992 3542 1064 3613 serre
1080 3540 1149 3592 videt
1161 3560 1210 3593 sua
1219 3544 1317 3615 gaudia

311 3618 371 3684 644.
385 3618 523 3686 irritatque
533 3615 615 3666 virum
629 3617 691 3669 telis.
708 3617 772 3670 Ideo
819 3621 1093 3672 ventos.Proverbium
1102 3633 1155 3683 est,
1169 3645 1180 3667 a
1191 3623 1317 3674 Ventile-

275 3700 328 3750 hoc
339 3709 394 3747 arte
408 3696 461 3764 agit
472 3694 556 3757 Juno,
570 3708 596 3745 et
605 3697 719 3768 imagine
729 3696 774 3748 de·
817 3712 879 3750 runt
890 3699 985 3769 gaudia
997 3723 1024 3765 s,
1037 3699 1065 3750 id
1077 3712 1129 3765 est,
1142 3699 1268 3752 letantur
1278 3704 1316 3752 iu-

277 3774 472 3844 cepitTurnum
483 3794 488 3822 ε
500 3774 592 3842 quiesi
602 3777 626 3826 ei
638 3794 668 3826 ex
679 3790 771 3845 aperto
818 3796 929 3829 cassum.
940 3779 982 3829 Sic
990 3797 1084 3848 snpra,
1097 3801 1108 3824 s
1119 3779 1166 3830 sed
1175 3799 1246 3831 auree
1254 3780 1315 3832 Om-

276 3859 367 3926 fugam
385 3852 521 3916 suaderet,
540 3873 612 3906 more
630 3857 679 3907 viri
695 3859 771 3908 fortis
817 3860 861 3908 nia
877 3857 1063 3928 discerpunt.»
1084 3861 1164 3924 ltem,
1189 3883 1201 3906 α
1212 3873 1314 3930 partem

276 3934 321 3985 ille
331 3934 398 4002 fugae
406 3945 570 4001 praeponeret
578 3948 700 3998 mortem;
711 3955 771 3988 eum
816 3937 905 3988 Mente
915 3936 1002 4003 dedit,
1014 3951 1118 4009 partem
1129 3939 1253 3992 volueres
1265 3939 1316 3989 dis-

278 4011 423 4084 praesertim
434 4011 491 4080 ipse
503 4013 530 4062 in
545 4013 714 4081 sequentibus
730 4013 771 4066 di·
816 4017 899 4086 persit
912 4017 940 4068 in
953 4035 1037 4070 auras.
1049 4019 1117 4070 Serv.
