2726 4592
380 304 431 404 r.
462 301 761 408 vinoun
790 297 1106 478 Mlnoms

542 575 940 710 LAUDES.

564 1107 926 1185 PROOEMIUM.

227 1319 442 1408 Inrenrnnrrs
463 1346 530 1423 alii,
550 1348 641 1407 initio
658 1365 807 1428 operum,
823 1345 946 1427 Virgilii
967 1347 1064 1406 vitam
1083 1340 1273 1430 praeferunt,

228 1434 281 1494 alii
300 1439 477 1497 testimonia
500 1436 695 1518 conjungunt
714 1435 840 1496 illorum
863 1437 916 1518 qui
937 1437 1035 1498 locuti
1059 1452 1133 1498 sunt
1157 1437 1272 1500 dehoc

228 1535 305 1582 vate.
329 1527 459 1586 Discessi
476 1519 520 1586 eb'
532 1535 665 1606 utroque
683 1543 795 1604 genere
809 1524 1028 1604 interpretum
1046 1519 1180 1602 abillis,
1199 1529 1272 1608 quie

228 1609 309 1671 nihil
320 1635 442 1696 possem
454 1614 597 1676 exhibere
607 1615 777 1697 speciosus,
788 1633 883 1694 quam
894 1614 952 1694 ipsi
964 1611 1188 1674 exhibuerunt:
1198 1637 1273 1674 nem

229 1701 303 1780 quid
323 1717 476 1784 repetam,
494 1725 563 1786 quae
582 1703 634 1764 alii
651 1701 717 1783 jam
733 1700 936 1782 evulgarunt?
950 1702 1038 1760 Certe
1057 1703 1156 1762 vitam
1174 1717 1273 1784 poetae
1354 1755 1355 1768 ,

228 1787 320 1847 multi
335 1793 537 1872 seripserunt,
549 1804 579 1850 et
592 1811 700 1850 omnes
715 1804 851 1850 norunt:
867 1787 963 1849 modo
979 1789 1032 1850 ille
1049 1793 1067 1848 ir
1081 1792 1224 1866 Donato,
1238 1803 1275 1849 ut

229 1878 378 1954 creditur,
391 1879 487 1941 modo
502 1902 520 1940 a
532 1879 636 1940 Servio
649 1880 731 1938 edita
743 1881 880 1962 primum
893 1879 1004 1954 fuerit,
1017 1878 1112 1940 modo
1125 1879 1164 1940 ab
1175 1879 1274 1940 doctis

229 1964 298 2024 eliis
312 1971 514 2046 concinnata,
529 1983 558 2030 et
573 1982 743 2052 propagata
762 1967 803 2027 ab
819 1989 885 2028 aevo
898 1969 1021 2048 Virgilii
1038 1989 1133 2048 usque
1149 1967 1186 2026 ed
1203 1989 1274 2027 nos·
1354 1969 1355 1992 ¹

232 2065 331 2112 trum:
352 2057 391 2117 ab
411 2059 492 2134 istis,
512 2059 586 2139 quia
600 2057 706 2116 nullus
726 2071 772 2116 est
791 2055 869 2116 ordo
888 2057 922 2114 in
941 2054 1003 2114 illis
1020 2056 1222 2130 testimoniis,
1241 2075 1276 2114 ec
1354 2065 1355 2080 ¹

229 2141 359 2220 perinde
374 2143 427 2205 illo
444 2168 536 2228 opera
554 2147 672 2227 exiguae
686 2158 731 2204 est
744 2143 843 2226 frugis
861 2144 900 2203 nd
913 2141 1161 2224 cognoscendam
1175 2142 1278 2224 digni·
1354 2173 1355 2224 3

230 2242 325 2290 tatem
339 2235 444 2315 magni
456 2245 572 2316 poete:
587 2248 660 2294 nem
671 2251 706 2294 ex
721 2233 1066 2293 tantetestlmuniorttm
1081 2231 1276 2292 enervatione
1354 2229 1355 2252 l

229 2319 366 2384 tenebre
378 2325 520 2404 quaednm
534 2313 1025 2403 ersiettlnt,indignaeVirgllldtio
1033 2320 1208 2402 splendore.
1217 2312 1277 2378 lta·
1354 2302 1356 2426 l

230 2430 292 2489 que
308 2415 410 2493 potius
426 2435 442 2474 e
458 2437 489 2474 re
507 2418 608 2474 visum
624 2413 698 2488 fuit,
714 2413 851 2494 redigere
864 2410 903 2472 ad
918 2425 1035 2471 eertum
1053 2409 1196 2469 ordinem
1209 2409 1278 2467 Vir·

231 2497 296 2576 gilii
312 2505 481 2580 praeronia,
496 2504 608 2586 quibus
623 2514 837 2585 cognoscetur,
850 2513 1005 2581 quantum
1019 2501 1051 2558 in
1067 2496 1159 2558 rebus
1173 2499 1278 2576 singu·

230 2584 270 2644 lis
284 2589 331 2647 vir
345 2589 396 2650 hic
413 2593 575 2673 singularis
593 2591 799 2673 prevaluerit.
814 2589 941 2652 Reduco
957 2607 1030 2648 vero
1045 2609 1110 2649 rem
1125 2601 1223 2648 totam
1238 2583 1278 2644 ed

231 2689 346 2755 septem
363 2680 475 2760 capitu.
496 2683 595 2740 Primo
608 2681 721 2760 loquor
733 2679 771 2737 de
783 2680 892 2758 elogiis
904 2677 1015 2738 natalis
1028 2673 1109 2757 ejus,
1129 2688 1222 2754 etque
1233 2673 1278 2730 in-

231 2765 406 2824 cunabulis,
421 2765 530 2827 Deinde
542 2767 580 2827 de
594 2767 710 2849 triplici
723 2767 798 2826 boni
812 2786 937 2846 genere,
952 2757 1213 2836 llonesto,lltili,
1226 2759 1280 2818 Ju·
1355 2797 1356 2830 ,

231 2853 352 2913 cundo:
367 2877 436 2936 quae
448 2855 533 2917 bone
543 2859 759 2940 potentissime
773 2859 806 2918 in
820 2857 908 2916 omni
921 2875 1033 2935 genere
1046 2853 1278 2937 encomiorum:

232 2964 322 3020 nem,
336 2946 390 3005 ubi
404 2967 466 3023 res,
479 2968 547 3028 quae
561 2947 785 3024 laudetur,tria
797 2945 863 3005 haec
877 2946 961 3006 bona
976 2945 1114 3017 sortitur,
1127 2938 1203 3021 quid
1218 2959 1281 2997 em·
1355 2937 1356 3012 f

230 3033 315 3115 plius
332 3035 506 3118 exspectes?
521 3041 617 3098 Tertio
629 3041 748 3118 attingo
763 3038 862 3096 edria's
878 3049 973 3109 enee,
988 3033 1101 3114 quibus
1117 3042 1211 3112 poeta
1226 3027 1280 3086 llo-

232 3123 311 3197 ruit,
327 3124 358 3182 in
376 3121 424 3183 his
439 3123 666 3206 eloquentium:
686 3145 748 3207 quo
762 3124 824 3184 loci
836 3116 985 3203 Virgilius
997 3129 1200 3200 eomparatur
1210 3133 1280 3175 eum

231 3211 352 3286 Tullio,
369 3215 512 3296 princeps
529 3229 692 3296 poetarum
711 3235 784 3274 cum
803 3213 944 3296 principe
963 3223 1134 3268 oratorum.
1156 3207 1281 3286 Quarto,

233 3319 381 3379 comparo
394 3303 559 3382 Virgilium
574 3324 645 3363 cum
660 3306 816 3377 Homero,
831 3323 867 3361 ac
882 3299 1009 3379 reliquis
1020 3295 1151 3368 Graecis,
1166 3307 1281 3350 etcum
1355 3281 1356 3328 l

233 3389 354 3447 Latinis
369 3390 531 3452 omnibus:
544 3392 648 3474 doque
659 3392 705 3451 illi
717 3393 860 3451 omnium
875 3387 1026 3471 pelinem.
1042 3386 1166 3467 Quinto,
1183 3379 1281 3440 eddu-
1355 3427 1356 3500 ,

234 3495 270 3534 co
290 3474 391 3556 elogia
406 3498 533 3558 poeseos
548 3480 745 3562 Virgilianae,
757 3500 792 3538 ea
804 3475 961 3551 videlicet,
974 3493 1044 3558 quae
1059 3468 1092 3532 in
1107 3468 1193 3527 illius
1209 3464 1282 3546 o'pe·

234 3563 483 3647 ribusproecipue
490 3565 622 3629 elucent.
631 3571 718 3631 Sexto
726 3589 854 3628 excurro
863 3567 895 3625 in
907 3558 1010 3644 alique
1024 3557 1177 3620 attributa
1188 3553 1283 3615 illius.

234 3652 362 3730 Septimo
375 3672 544 3736 persequor
557 3655 706 3726 honores,
717 3678 796 3739 quos
809 3660 895 3714 vivus
905 3650 1017 3712 hebuit
1026 3645 1189 3727 Virgilius,
1202 3661 1281 3724 quos

237 3754 391 3809 mortuus,
407 3757 436 3801 et
455 3741 593 3824 adjungo
612 3747 788 3805 testimonia
803 3743 945 3814 illorum,
964 3739 1018 3820 qui
1032 3735 1157 3806 dicunt,
1181 3745 1282 3790 vatem

236 3827 320 3887 hunc
337 3841 452 3890 aeterno
472 3830 667 3893 duraturum.
685 3835 773 3894 Prius
793 3845 913 3905 eutem,
933 3849 1027 3910 quem
1042 3823 1221 3908 perveniam
1241 3818 1280 3877 ad

237 3917 355 3997 capita,
369 3939 545 4000 proponam
562 3921 619 3980 tibi
638 3922 792 4004 syllabum
802 3915 998 3994 ¹ductorum,
1013 3939 1030 3976 a
1046 3911 1160 3996 quibus
1174 3907 1282 3969 laudes

242 4006 307 4067 istae
319 4022 508 4089 expromptae
520 4008 656 4069 fuerunt.
