2742 4596
252 294 317 366 386
365 225 371 238 '
500 286 534 346 P.
558 279 790 348 ViRGiLli
813 280 1046 350 Minonis

157 469 158 472 ,
251 421 308 482 lib.
324 418 368 478 11:
391 409 529 474 «nitenti
540 406 598 466 tibi
608 403 759 486 Virgilius
770 404 943 486 Variusque
954 419 1090 488 poetas„
1110 408 1240 494 Scripsit
1248 431 1302 474 ὃς,

250 529 291 592 pe
303 505 341 568 ad
355 502 446 564 iilum
457 499 629 578 Augustus,
639 493 842 573 mittebatque
853 493 973 569 literas,
988 496 1101 576 quibus
1112 501 1256 580 petebat,
1266 513 1302 561 ut

251 593 374 678 aliquid
389 591 429 651 ad
443 609 474 650 se
493 586 668 648 carminum
683 584 914 643 transmitteret.
929 585 1040 646 Scribit
1057 585 1118 647 boc
1133 587 1298 650 Claudiani

250 687 350 767 Epist.
360 678 400 742 ad
412 677 512 740 Olibr.
526 699 540 732 ιι
552 673 704 754 Dignatus
714 672 799 732 tenui
811 672 911 732 Caesar
921 673 1074 753 scripsisse
1085 678 1223 738 Maroni.
1233 704 1247 734 n
1262 679 1300 738 Et

249 777 377 836 Tacitus
387 767 514 847 dialogo
524 763 563 826 de
572 763 659 823 Orat.
676 763 726 835 133
738 760 838 842 (quod
849 782 929 843 opus
940 762 991 822 alii
1003 763 1204 840 Quintiliano
1213 771 1300 828 artri·

250 866 370 926 buunt:
384 854 537 918 adduoam
551 851 660 926 verba,
675 851 749 932 qnia
763 848 918 910 nonnulla
932 851 993 910 alia
1008 855 1133 934 attingit
1144 854 1184 915 de
1196 854 1297 916 bono·

251 955 339 1016 ribus
348 943 508 1026 Virgilii3)
519 965 533 996 ιι
544 938 630 1000 Malo
641 951 782 998 securum
792 950 821 996 et
831 945 980 998 secretum
991 940 1114 1022 Virgilii
1129 951 1299 1018 secessum,

250 1047 286 1116 in
301 1060 365 1124 quo
379 1049 483 1098 tamen
498 1048 599 1112 neque
614 1026 700 1110 apud
713 1028 752 1090 D.
767 1029 939 1108 Augustum
956 1031 1054 1110 gratia
1068 1033 1183 1107 caruit,
1198 1053 1299 1115 neque

251 1131 337 1217 apud
347 1125 500 1212 populum
511 1122 687 1182 Romanum
698 1119 820 1180 notitia.
829 1120 930 1178 Testes
940 1121 1071 1200 Augusti
1080 1121 1233 1202 epistole,
1244 1137 1299 1182 tes·

248 1227 291 1284 tis
302 1223 369 1304 ‘ipse
381 1211 532 1298 populus,
547 1209 602 1291 qui
616 1207 732 1268 auditis
751 1208 784 1266 in
800 1203 921 1267 theatro
931 1206 1069 1268 versibus
1080 1209 1222 1292 Virgilii,
1233 1232 1300 1271 sur·

249 1313 329 1374 rexit
338 1306 516 1374 universus,
528 1311 558 1358 et
569 1296 651 1358 forte
664 1303 849 1378 presentem
863 1309 1116 1381 spectantemque
1127 1301 1298 1383 Virgilium

251 1407 416 1462 veneratus
431 1403 478 1452 cst
491 1389 551 1464 sio,
566 1387 653 1468 quasi
666 1387 875 1466 Augustum.»
890 1385 983 1462 Quod
997 1385 1058 1447 hoc
1072 1387 1228 1468 elogium!
1242 1387 1299 1449 Sed

250 1488 367 1552 omitto
387 1484 571 1564 Augustum.
590 1477 733 1537 procera
751 1480 873 1553 omues,
892 1478 946 1556 qui
967 1477 1072 1538 auiam
1085 1479 1220 1559 Augusti
1238 1479 1299 1538 ire·

250 1574 452 1662 quentabant,
463 1569 541 1628 mire
551 1565 609 1627 sibi
618 1565 759 1626 devinxit
768 1566 857 1624 Maro
870 1587 877 1624 :
888 1563 1006 1626 Phocas
1016 1567 1060 1626 ait
1071 1565 1171 1642 inim,
1181 1587 1214 1648 p.
1223 1567 1296 1648 3973

356 1707 425 1756 Tum
436 1701 486 1754 tibi
497 1698 638 1772 Syrortem,
650 1697 740 1765 Maro,
753 1695 867 1749 contulit
881 1699 940 1770 ipsa
952 1697 1108 1770 magistrum

357 1786 442 1838 Roma
454 1793 564 1856 potens,
576 1783 755 1850 proceresque
768 1793 830 1830 suos
842 1774 892 1830 tibi
900 1781 989 1849 junxit
1001 1779 1101 1831 amieos
1114 1797 1121 1830 τ

354 1864 455 1930 Pollio,
467 1863 613 1925 bissenas,
624 1861 735 1926 Varius,
747 1857 889 1912 Cornelius
901 1857 1008 1922 ardent3

356 1947 390 1998 Et
402 1945 453 1997 sibi
466 1943 578 2014 quisquo
590 1942 661 2011 rapit
671 1947 721 2012 per
733 1945 759 1992 t'e
770 1942 889 1993 victurus
901 1941 928 1993 in
941 1952 1032 1993 aarum.

251 2075 302 2136 Ait
315 2053 449 2132 servssss.
460 2062 527 2124 Ecl.
537 2059 706 2146 Virgilium
722 2077 882 2148 exceptum
897 2064 990 2126 fuisse
1004 2063 1139 2148 prandio
1156 2055 1298 2126 aPoilio·
1355 2137 1356 2140 Ἴ

251 2169 346 2235 ne,et
356 2154 507 2236 accepisse
518 2147 601 2212 dona
614 2175 632 2211 a
644 2156 765 2234 magnis
778 2154 989 2234 principibus:
1005 2173 1079 2212 nam
1089 2151 1296 2213 Alexandrum

249 2267 384 2336 puerum
396 2266 415 2304 a
427 2239 587 2316 Pollione,
608 2261 626 2300 a
637 2237 727 2302 Leria
740 2236 870 2302 faemina
882 2235 983 2302 nobili
996 2243 1155 2302 Cebetem.
1176 2244 1295 2303 Asinius
1354 2287 1355 2296 ι

242 2357 377 2422 quoque
390 2317 514 2407 Gallus,
538 2329 635 2392 Asinii
650 2325 804 2392 Pollionis
816 2325 913 2417 filius,
936 2332 1142 2412 amicissimus
1153 2332 1214 2394 fuit
1224 2331 1295 2394 iruic

249 2429 331 2502 uati,
344 2421 429 2506 quod
442 2421 475 2480 in
487 2420 514 2481 X
528 2419 592 2482 Ecl.
608 2421 715 2480 scribit
726 2421 859 2481 Servius.
871 2421 1023 2480 Favorem
1032 2419 1117 2482 hunc
1129 2434 1222 2504 poeta
1236 2424 1295 2503 ipse

250 2515 378 2594 attingit
387 2509 430 2571 ill
439 2505 514 2582 Ecl,
524 2506 572 2584 84,
585 2505 707 2568 «Pollio
716 2521 960 2584 amatnostram‚
971 2510 1112 2590 quamvis
1120 2523 1165 2569 est
1173 2513 1294 2584 rustica,

248 2607 383 2668 Musam.
395 2625 408 2656 a
419 2599 521 2675 Quam
530 2617 617 2657 carus
625 2598 787 2657 Mecaenati
795 2596 943 2677 Virgilius
953 2597 1061 2674 fucrit,
1070 2619 1165 2659 nemo
1174 2618 1232 2675 est,
1243 2601 1293 2680 qui

249 2695 388 2774 ignoret:
406 2687 445 2745 ad
465 2683 557 2765 hujus
574 2686 725 2766 principis
740 2683 882 2758 favorem
899 2685 992 2746 refert
1007 2685 1160 2747 Martialis
1176 2688 1292 2747 Musam

248 2777 484 2848 Maronianam3
495 2793 568 2831 nam
578 2771 634 2832 iiio
645 2768 816 2832 dantebaec
825 2771 948 2834 divinos
959 2776 1067 2834 sumsit
1076 2775 1214 2856 spiritus.
1225 2776 1292 2850 Sed,

251 2867 373 2952 omissis
393 2863 603 2950 principibus,
621 2882 717 2944 pergo
737 2861 776 2921 ad
796 2862 966 2944 populum,
985 2865 1033 2923 cui
1048 2866 1225 2925 carissimus
1237 2866 1293 2925 fuit
1350 2811 1352 2914 i

247 2957 410 3041 Virgilius.
422 2953 539 3012 Dicunt
552 2963 691 3010 auctores
704 2948 769 3031 ejus
784 2954 869 3026 vitus,
884 2951 962 3011 adeo
977 2951 1065 3010 ilium
1079 2950 1173 3012 luisse
1189 2957 1221 3013 in
1233 2975 1294 3036 pre·
1350 2999 1351 3016 ι

249 3053 312 3124 tio,
324 3059 361 3106 ut
372 3047 480 3105 Romae
492 3053 613 3120 semper
627 3039 660 3096 in
670 3039 722 3097 via
737 3037 837 3119 digito
851 3039 1040 3100 indicaretur
1051 3059 1069 3099 a
1082 3041 1222 3124 populo,
1236 3043 1291 3102 cia·

247 3147 434 3216 maremque
444 3137 554 3190 omnus
566 3124 624 3185 iiio
636 3127 718 3198 vito,
731 3119 878 3187 {issimus
891 3129 999 3188 Rana.
1010 3127 1154 3188 Studium
1170 3129 1231 3190 huc
1244 3149 1293 3212 ρο-Ι

248 3229 331 3310 puli,
347 3226 526 3302 mirumque
540 3215 687 3276 affectum
701 3217 736 3276 in
752 3216 809 3277 ilio
828 3219 964 3286 ama'ndo
980 3217 1099 3278 indicat
1112 3219 1232 3281 Phocus
1248 3220 1290 3279 his

249 3313 402 3386 versibus,
414 3310 570 3388 attingens
581 3304 741 3366 historiam
753 3309 945 3367 centurionis
956 3306 1054 3383 iliius,
1066 3309 1121 3389 qui
1130 3329 1222 3391 poene
1230 3310 1291 3370 Vir·

251 3401 363 3484 gilium
375 3397 588 3470 interfecisset3
602 3393 673 3453 vide
688 3393 785 3471 infra,
799 3416 870 3478 pag.
884 3398 956 3477 3983

709 3517 798 3585 Quum
810 3536 885 3590 paene
897 3515 1014 3571 nefando

355 3597 424 3651 Ense
437 3599 515 3669 perit.
527 3595 600 3665 Quid
612 3596 704 3650 dextra
716 3595 799 3650 iuris?
811 3598 875 3670 quid
887 3602 991 3652 viscera
1001 3599 1091 3650 Romae

353 3677 487 3751 Sacrilego
499 3695 627 3731 mucrone
638 3679 724 3752 petis?
735 3693 782 3733 tua
792 3679 864 3732 belia
876 3681 976 3733 tacebit

349 3761 507 3824 Posteritas,
520 3761 660 3829 ipsumque
673 3759 782 3827 ducem,
794 3761 845 3810 nisi
857 3757 968 3812 Mantua
980 3757 1060 3812 dica't.

348 3837 411 3891 lion
424 3834 484 3890 tulit
493 3837 565 3890 lianc
577 3837 678 3892 rabiem
690 3839 843 3894 doctissima
852 3839 935 3892 turba
946 3849 1097 3912 potentum.

350 3920 407 3973 itur
418 3918 453 3971 aii
465 3931 600 3972 auctorem
612 3937 701 3973 rerum
713 3944 719 3972 ι
732 3920 798 3993 qaid
809 3921 919 3974 Martius
931 3922 1028 3973 horror

346 4001 455 4070 Egerit,
465 3998 625 4064 ostendum
637 3999 703 4070 quid
712 4015 778 4054 suaa
789 4000 940 4056 miseranda
949 4002 1062 4054 tulisset.
