2726 4592
282 320 403 386 ,ΡΕΒ
425 317 591 383 ANNOS
614 317 842 387 DIGESTA.
1032 329 1097 394 325

56 439 112 500 Sed
126 441 211 504 idem
227 443 364 504 AEneidis
374 441 440 522 jam
449 437 599 500 ‘meminit
612 440 678 500 Am.
691 445 725 518 Ι,
742 444 792 522 15,
806 447 858 524 25,
873 449 958 530 quod
973 472 1097 511 carmen
1147 467 1150 472 ’

55 529 92 588 ad
104 552 225 594 annum
238 535 311 616 736,
327 533 507 616 proximum
519 553 537 590 a
547 530 670 612 Virgilii
682 548 795 613 morte,
805 538 967 600 Massonus
977 541 1099 601 retulit:

56 619 219 702 «Tityrus,
232 636 262 682 et
273 621 584 704 segetes‚AEneiaque
601 639 687 680 arma
702 619 860 704 legentur,
877 630 975 691 Roma
991 631 1100 690 trium-

52 705 142 786 phati
157 712 233 772 dum
246 725 341 794 caput
355 710 438 771 orbis
451 713 518 769 erit.
529 733 543 764 s
559 709 599 768 Et
611 710 645 768 in
661 711 733 771 Arte
747 712 848 774 Amat.
861 717 930 796 751,
947 716 1028 778 edita
1042 715 1099 778 lib.

52 793 110 871 111,
124 797 198 881 337,
218 826 231 855 ιι
244 802 284 861 Et
294 799 465 882 profugum
478 799 608 873 AEnean‚
621 797 691 858 altae
704 800 878 880 primordia
891 805 1015 879 Rornae,
1028 806 1101 882 Quo

53 885 180 947 nullum
194 891 284 950 Latio
297 889 410 952 clarius
421 901 517 948 exstat
529 908 616 968 opus.
629 913 643 944 n
655 889 804 950 Nondum
818 889 960 954 absoluta
974 909 1004 954 et
1018 895 1100 954 edita

53 985 118 1034 erat
126 978 240 1056 AEneis,
251 1001 348 1062 quum
358 978 538 1060 Propertius
548 978 629 1056 (non
640 991 711 1038 ante
721 995 790 1062 729,
800 995 836 1042 ut
846 1003 940 1064 supra
951 983 1101 1062 vidimus)

56 1060 178 1124 nobiles
192 1065 264 1127 illos
276 1087 382 1127 versus
396 1065 539 1126 scriberet
551 1063 607 1123 lib.
620 1065 664 1142 ΙΙ,
674 1065 761 1147 'Eleg
776 1080 866 1146 extr,
878 1071 913 1130 61
930 1091 998 1152 sqq.
1012 1070 1026 1124 <i
1038 1069 1101 1145 Qui

48 1169 139 1214 ¹nuno
149 1155 252 1216 AEneae
266 1155 392 1238 Trojani
405 1157 532 1217 suscitat
546 1174 644 1230 arma,
655 1181 668 1212 ιι
683 1168 741 1218 etc.

92 1261 261 1343 Virgilium
279 1265 387 1348 paullo
406 1278 493 1349 post,
508 1277 538 1324 et
552 1262 655 1324 adhuc
669 1285 736 1327 aevo
746 1267 919 1350 Augusteo,
933 1271 967 1329 in
985 1268 1100 1330 scholis

53 1350 235 1430 praelectum
256 1368 286 1416 ct
308 1368 488 1417 enarratum
512 1354 627 1432 fuisse,
654 1377 671 1416 e
693 1357 842 1418 Suetonio
861 1360 973 1420 scimus
996 1359 1034 1420 de
1055 1360 1100 1420 ill.

54 1435 226 1502 Grammat.
235 1463 261 1504 c.
274 1443 319 1504 ιθ.
330 1445 368 1520 Q.
376 1442 517 1504 Caecilius
527 1443 656 1524 Epirota
665 1445 804 1505 Cornelii
812 1446 895 1506 Galli
906 1447 1101 1507 familiaris...

57 1527 204 1605 «primus
228 1529 342 1592 dicitur
363 1532 461 1592 latine
487 1551 522 1590 ex
546 1543 687 1612 tempore
711 1533 898 1614 disputasse,
921 1538 1102 1618 primusque

57 1613 225 1696 Virgilium
242 1632 273 1680 et
288 1620 365 1682 alios
386 1634 495 1702 poetas
518 1641 616 1680 novos
640 1620 806 1703 praelegere
828 1626 991 1706 coepisse3a
1007 1627 1102 1685 etiarn

55 1699 270 1768 Orosiiaetate:
279 1709 369 1770 Oros.
379 1710 404 1785 l,
419 1711 454 1770 18
463 1732 470 1784 3
478 1709 620 1770 AEneas...
632 1733 646 1763 u
657 1710 762 1790 qualia
774 1731 831 1792 per
841 1713 1009 1772 triennium
1020 1713 1103 1772 bella

55 1794 250 1874 excitaverit,
274 1811 407 1882 quantos
430 1797 564 1882 populos
588 1799 798 1881 implicuerit,
825 1801 899 1862 odio
924 1803 1102 1884 excidioque
1203 1805 1204 1810 ’

55 1881 216 1982 afflixerit,
233 1889 301 1951 ludi
320 1892 463 1951 litterarii
485 1889 650 1971 disciplina
669 1905 781 1952 nostrae
802 1912 927 1974 quoque
946 1895 1104 1954 memoriae

56 1989 198 2036 mustum
210 1994 266 2040 est.
276 2007 290 2038 ιι

94 2070 137 2130 Ut
146 2074 278 2156 Virgilio
288 2079 427 2138 Ennium
438 2077 477 2136 ab
486 2077 623 2137 Adriano
633 2077 797 2166 praelatum
807 2091 925 2140 taceam
933 2083 1108 2162 (Spartian.

56 2178 81 2216 c·
105 2159 178 2238 15),
204 2165 492 2248 Caligula'Virgilii
516 2167 676 2226 memoriae
697 2167 869 2228 admodum
888 2169 1016 2228 infestus
1034 2168 1104 2228 fuit.

58 2271 73 2301 a
83 2247 142 2307 Sed
154 2262 186 2310 et
197 2255 321 2337 Virgilii
335 2267 366 2316 et
378 2257 414 2314 Τ.
433 2255 515 2314 Livii
532 2256 644 2334 scripta
662 2267 691 2314 et
707 2255 874 2335 imagines,
887 2256 1029 2338 paullum
1051 2256 1105 2314 ab·

56 2335 136 2412 fuit,
156 2343 234 2421 quin
252 2365 288 2404 ex
303 2343 451 2406 omnibus
472 2341 669 2402 bibliothecis
689 2357 860 2420 amoveret,
880 2366 1015 2426 quorum
1034 2343 1107 2403 alte·

58 2449 147 2506 rum,
169 2445 205 2493 ut
224 2436 341 2496 nullius
360 2436 479 2517 ingenii
497 2435 697 2515 minimaeque
717 2435 898 2495 doctrinae...
920 2435 1104 2516 carpebat.»

58 2515 187 2579 Sueton.
207 2523 306 2605 Galig.
326 2521 374 2598 34.
394 2524 503 2603 ltaque
528 2521 654 2602 Virgilii
674 2522 803 2583 Codices
824 2523 863 2582 ad
882 2545 1014 2606 parvum
1038 2537 1107 2584 tum

59 2625 229 2669 numerum
243 2612 382 2673 redactos
394 2610 488 2671 fuisse
503 2629 624 2669 necesse
640 2624 694 2671 est.
707 2612 752 2670 An
772 2610 854 2672 forte
873 2611 947 2672 inde
964 2613 998 2672 in
1018 2624 1106 2673 tanto
1183 2642 1193 2651 ’-

59 2713 146 2754 nunc
165 2698 419 2783 apographorum
439 2719 572 2759 numero
587 2696 684 2759 mirus
704 2699 757 2759 ille
770 2699 924 2761 librorum
945 2701 1038 2762 etiam
1057 2723 1109 2760 ve·

61 2786 231 2846 tustiorum
241 2791 275 2848 in
288 2787 481 2869 corruptelas
497 2807 664 2848 consensus
676 2787 861 2870 repetendus
875 2788 936 2848 est?
949 2801 1000 2864 ut,
1011 2810 1108 2870 quum

59 2889 132 2954 post
144 2874 211 2938 haec
225 2878 399 2960 Virgiliana
414 2879 553 2937 carmina
572 2889 609 2936 ex
623 2881 742 2958 paucis,
757 2898 813 2937 nec
829 2876 910 2937 forte
925 2878 1111 2937 emendatis·
1163 2940 1166 2946 ,

62 2965 166 3042 simis,
179 2968 408 3051 exemplaribus
425 2966 687 3042 describerentur,
704 2989 775 3028 vera
788 2965 853 3048 jam
872 2980 939 3026 tum
954 2966 1044 3026 lectio
1059 2989 1113 3048 pe·

63 3053 181 3129 riisset;
201 3078 264 3138 quo
282 3057 418 3132 factum,
439 3067 475 3114 ut
493 3055 608 3114 frustra
628 3077 712 3115 nunc
733 3077 752 3115 a
768 3056 856 3116 libris
876 3054 1041 3128 auxilium,
1056 3053 1113 3114 ubi

63 3139 197 3221 bareas,
223 3159 419 3230 exspectetur.
444 3143 593 3204 Exstabat
612 3157 718 3206 tamen
736 3145 860 3227 Virgilii
882 3165 992 3204 manus
1011 3142 1113 3204 adhuc

63 3231 162 3291 Plinii
182 3234 309 3317 majoris
323 3249 411 3295 aetate
426 3235 466 3294 H.
483 3235 520 3292 N.
540 3235 627 3307 Xlll,
655 3255 707 3309 η,
727 3248 852 3295 extrem.
872 3247 902 3293 et
921 3233 1110 3309 Quintiliani

64 3321 140 3380 lnst.
153 3325 207 3384 Or.
219 3327 249 3400 1,
263 3351 296 3410 7,
311 3320 362 3387 20.¹
371 3326 451 3384 Nam
462 3323 545 3406 apud
561 3322 641 3384 Gell.
655 3325 684 3400 l,
699 3345 734 3385 αι
747 3326 943 3407 ,Hyginum,
955 3325 1007 3403 qui
1018 3322 1114 3405 paulo

65 3423 140 3487 post
149 3413 317 3495 Virgilium
326 3415 414 3492 vixit,
423 3413 541 3474 librum
554 3438 568 3470 ιι
578 3436 614 3474 ex
625 3413 721 3474 domo
732 3425 825 3494 atque
835 3413 956 3474 familia
966 3413 1090 3494 Virgilii
1099 3437 1113 3468 ι)

65 3495 214 3560 habuisse
225 3501 271 3562 nil
283 3505 409 3562 mirum.
421 3501 546 3583 Virgilii
560 3501 784 3584 idiographum
797 3501 913 3561 librum
926 3503 1117 3580 inspectum,

65 3586 121 3646 sed
133 3587 174 3647 ab
188 3589 270 3666 aliis,
283 3590 402 3651 Gellius
415 3604 567 3652 memorat
581 3593 617 3650 N.
632 3593 737 3666 arx,
759 3589 802 3665 14.
817 3588 906 3672 Apud
923 3587 1056 3648 eundem
1068 3590 1117 3664 ll,

65 3677 116 3738 3...
131 3701 146 3732 ιι
157 3682 242 3751 venit
262 3671 355 3739 nobis
366 3681 403 3738 in
418 3681 619 3754 memoriam,
637 3678 752 3738 Fidum
767 3679 934 3758 Optatum,
953 3675 1042 3735 multi
1062 3699 1118 3738 no·

66 3769 165 3828 minis
179 3771 287 3829 Romae
300 3771 554 3849 grammaticum,
573 3766 742 3828 ostendisse
756 3765 834 3826 mihi
851 3766 968 3825 librum
981 3764 1118 3824 AEneidis

68 3854 262 3928 secundum,
286 3855 436 3918 mirandae
456 3858 617 3916 vetustatis
637 3854 759 3932 (medio
781 3875 848 3915 saec.
872 3853 930 3932 ll),
952 3864 1069 3912 emtum
1086 3855 1119 3911 in

69 3943 237 4024 Sigillariis
249 3946 307 4003 XX
320 3945 435 4018 aureis,
448 3965 541 4025 quem
557 3945 654 4027 ipsius
668 3941 793 4023 Virgilii
808 3962 870 4002 esse
882 3937 1041 4013 credebat,
1056 3965 1070 3994 ιι
1087 3941 1121 3998 in

70 4051 137 4112 quo
152 4033 220 4093 AEn.
239 4031 283 4106 ΙΙ,
297 4030 372 4114 470,
389 4055 463 4092 aena
477 4035 628 4115 scriptum
644 4046 724 4107 erat,
749 4030 854 4091 addita
872 4050 966 4110 supra
987 4027 1086 4086 littera
1103 4024 1122 4083 b
