2742 4596
419 295 636 364 ornauit
657 295 900 364 vincturi.
1116 311 1175 384 411

135 427 347 492 Concurrunt
358 419 467 495 dictis,
482 421 630 510 quamvis
643 421 697 509 pia
706 421 773 498 fata
784 441 982 512 repugnent.

134 532 218 596 Belli
230 552 344 595 caussa
355 529 419 592 fuit
431 527 571 593 violatus
584 526 721 593 vulnere
733 550 859 595 cervus.

134 639 224 704 Tum
237 655 351 726 gentes
364 636 451 702 socia
463 659 552 700 arma
565 651 681 724 parant
693 659 699 699 :
713 635 825 704 fremit
836 661 926 703 arma
934 638 1101 730 juventus.
1153 651 1182 698 8ο

588 777 734 823 ocravl.

137 886 202 948 Dat
213 883 293 947 belli
306 884 436 972 signum
448 884 605 948 Laurenti
617 887 750 950 Turnus
762 884 803 950 ab
816 907 900 952 arce.

138 994 284 1057 Mittitur
296 1009 329 1057 et
341 993 451 1081 magni
462 994 611 1059 Venulus
624 993 794 1060 Diomedis
807 995 848 1060 ad
860 993 993 1078 urbem,

137 1098 205 1182 Qui
217 1114 308 1188 petat
319 1098 492 1177 auxilium,
506 1115 539 1163 et
551 1097 682 1179 doceat,
697 1122 770 1189 quae
783 1123 895 1167 caussa
906 1099 1053 1192 petendi.

138 1209 258 1272 AEneas
271 1205 387 1272 divum
399 1207 532 1273 monitis
544 1207 613 1272 adit
625 1207 750 1274 Arcada
761 1233 874 1298 regem
908 1243 909 1250 ¹

139 1307 348 1393 Evandrum,
363 1312 500 1380 Arcadia
513 1315 708 1404 profugum,
721 1339 805 1382 nova
818 1340 917 1405 regna
931 1303 1110 1405 petentem.
1159 1327 1190 1374 85
1271 1331 1276 1342 “
1298 1318 1300 1328 “

142 1416 272 1502 Accipit
283 1417 441 1480 auxilium
453 1442 459 1480 :
472 1416 551 1483 huic
563 1434 691 1498 natum,
704 1435 738 1484 et
749 1423 835 1485 socia
848 1421 977 1510 agmina
985 1421 1096 1512 jungit

143 1523 307 1588 Evander.
320 1524 425 1589 Pallas
439 1525 512 1590 fatis
525 1547 635 1592 comes
649 1527 716 1592 ibat
728 1529 859 1618 iniquis.

141 1630 285 1718 Jamque
296 1628 415 1695 habilis
426 1630 532 1707 bello,
547 1647 580 1694 et
592 1636 747 1698 maternis
759 1635 853 1700 laetus
865 1637 899 1699 in
912 1635 1025 1715 amia,

142 1735 305 1822 Fataque,
319 1736 536 1823 fortunasque
549 1733 688 1816 ducum,
701 1760 862 1827 casusque
875 1760 1012 1806 suorum

142 1840 283 1905 Sortitus
297 1840 419 1928 clipeo,
433 1838 544 1905 divina
556 1841 703 1907 intentus
716 1845 751 1906 in
763 1863 832 1909 arte
846 1861 904 1911 est.

619 1984 725 2030 NONI.

146 2091 255 2177 Atque
268 2109 307 2152 ea
319 2087 448 2153 diversa
460 2090 594 2176 penitus
607 2089 688 2154 dum
700 2107 792 2177 parte
806 2108 979 2179 geruntur,

148 2193 166 2256 J
169 2181 290 2256 uhonis
302 2192 431 2284 monitu
442 2193 576 2256 Turnus
589 2193 723 2268 festinat
736 2195 770 2257 in
782 2192 922 2259 hostem.
1027 2211 1029 2216 ’

147 2300 357 2365 Teucrorum
369 2323 485 2380 naves,
499 2301 628 2365 Rutulis
636 2301 858 2390 jaculantibus
872 2304 996 2390 ignem,

149 2406 377 2498 Nympharum
390 2411 424 2473 in
437 2410 580 2497 speciem
594 2405 708 2474 divino
721 2410 857 2474 numine
870 2433 982 2475 versae.

149 2515 283 2606 Euryali
295 2532 329 2581 et
339 2517 409 2582 Nisi
421 2517 538 2605 coeptis
551 2517 614 2580 fuit
626 2517 731 2582 exitus
744 2518 860 2606 impar.

150 2628 320 2714 Pugnatur
332 2650 338 2688 :
353 2643 458 2691 castra
470 2624 623 2690 AEneadae
636 2627 826 2715 vallumque
838 2642 983 2691 tuentur.

151 2729 321 2795 Audacem
334 2733 513 2798 Remulum
526 2733 583 2799 dat
593 2733 661 2800 leto
674 2731 812 2822 pulcher
824 2732 929 2814 Iulus3
1012 2785 1015 2792 ,

152 2839 205 2902 Fit
216 2839 269 2902 via
282 2840 315 2903 vi
327 2864 334 2903 ε
347 2841 482 2906 Turnus
495 2833 647 2908 Bitian'et
659 2839 831 2906 Pandaron
843 2839 946 2904 altum

152 2947 287 3037 Dejicit,
301 2965 334 3011 et
346 2950 423 3014 totis
435 2950 541 3015 victor
553 2948 609 3015 dat
621 2951 739 3014 funera
751 2949 873 3014 castris.

151 3053 293 3142 Jamque
304 3055 458 3144 fatigatus
470 3057 589 3144 recipit
601 3081 636 3150 se
649 3059 683 3122 in
695 3074 800 3124 castra
812 3075 957 3122 suorum.
1159 3077 1201 3108 ¹00

512 3233 515 3242 .
604 3199 756 3262 nactur.

155 3299 337 3364 Consilium
349 3300 441 3366 Divis
453 3299 628 3366 homiuum
641 3301 684 3367 de
696 3303 796 3368 rebus
807 3300 958 3365 hahetur.

154 3403 286 3470 Interea
297 3405 411 3470 Rutuli
423 3409 527 3496 portis
542 3408 669 3473 circum
682 3407 836 3472 omnibus
848 3406 981 3470 instant.
1068 3411 1070 3420 '

155 3507 299 3576 Advenit
309 3515 427 3580 AEneas
439 3515 552 3580 multis
565 3537 642 3582 cum
655 3515 800 3580 millibus
812 3513 922 3579 heros.

191 3678 233 3746 78.
244 3678 272 3728 F·
287 3681 451 3734 Gonc'urmnr
455 3683 529 3754 ferro
536 3722 545 3749 ,
558 3697 588 3736 ut
597 3685 657 3737 Me·
737 3701 780 3754 90.
791 3685 820 3735 F.
833 3679 1052 3752 Miraturclt'peo,
1064 3677 1153 3729 divina
1164 3679 1203 3728 in-

154 3773 232 3826 ¹¹³R2
243 3758 286 3810 Vel
301 3761 327 3812 G·
339 3760 445 3828 Rutuli,
456 3782 481 3835 q.
492 3765 557 3816 Fata
568 3776 656 3817 autem
702 3775 788 3815 tentus
799 3765 826 3814 in
841 3775 896 3814 arte
900 3786 909 3824 ;
925 3779 1001 3814 casus
1019 3761 1047 3811 in
1060 3758 1147 3828 clipeo
1160 3775 1203 3808 ex-

153 3837 323 3906 nonTurno,
333 3839 380 3892 sed
387 3841 474 3894 AEneae
482 3845 587 3896 Latium
596 3863 657 3896 cum
701 3861 815 3914 pressos.
829 3843 904 3894 llanc
920 3841 1060 3893 lectionem
1077 3837 1203 3889 libentius

152 3915 265 3970 Lavinia
279 3922 492 3992 assignaverant;
506 3935 532 3976 et
548 3925 582 3977 cl.
594 3925 655 3991 vll,
701 3942 751 3994 ego
767 3922 940 3995 praetulerim,
954 3922 1018 3992 qnia
1035 3919 1116 3970 sortis
1133 3915 1210 3969 nulla

155 3995 221 4066 583,
232 3997 291 4064 584.
629 4019 632 4026 ·
700 4021 763 4074 pars
776 4005 804 4056 in
818 4001 914 4056 divinis
927 3999 1064 4084 operibus.
