2742 4596
250 335 315 425 390
495 323 1044 396 r.v1ao·1n11uln0u1s

249 455 370 520 Phocus
384 455 627 528 Grammaticus,
640 445 673 510 in
687 453 751 511 vita
763 451 916 527 Maronis,
933 452 1114 541 infra,flpag.
1131 454 1189 538 395
1197 475 1207 531 3

353 579 460 630 Maeonii
472 579 607 649 specimen
619 577 684 626 vatis
696 557 850 626 ueneranda
862 573 1002 628 Maronem

354 662 466 712 Mantua
477 656 611 710 Romulea
623 656 759 728 generarit
770 652 878 705 flumina
890 654 995 730 lingue.

250 777 385 838 Martial.
397 775 492 851 lih.1,
505 778 593 857 Epig.
608 775 646 834 62
659 795 665 830 ι

355 901 467 952 Marone
478 901 543 952 felix
553 901 664 952 Mantua
677 911 725 951 est.

250 1015 361 1075 Manto
373 1013 456 1097 apud
470 1013 617 1074 Politian.
633 1016 678 1074 ita
692 1035 765 1074 cum
777 1013 907 1073 Mantua
921 1013 1081 1095 loquitur:

356 1142 452 1214 Surge,
464 1159 609 1216 paremque
623 1139 845 1200 astrisconrende
857 1140 971 1195 educere
984 1140 1096 1208 molem,

356 1219 525 1296 Pyramidum
538 1241 619 1294 supra
633 1234 751 1274 sumtus:
765 1221 848 1294 proh,
863 1235 963 1294 quanta
975 1235 1064 1273 manet
1076 1234 1102 1273 te

355 1301 461 1370 Gloria,
474 1319 555 1375 quam
567 1303 675 1374 longum
688 1303 795 1354 senibus
808 1303 979 1356 celebrabere
992 1301 1087 1355 seclis?

356 1387 500 1451 Nascetur,
514 1386 605 1452 video,
618 1403 715 1456 supera
726 1384 776 1436 tibi
788 1387 884 1437 missus
898 1383 932 1436 ab
945 1386 1006 1437 arce

355 1463 478 1517 Siderous
490 1480 577 1530 vates,
592 1465 637 1516 alti
650 1466 693 1516 cui
705 1465 820 1516 nominis
833 1465 960 1518 haustum

356 1545 433 1596 Mens
445 1545 509 1596 caelo
523 1557 637 1616 cognata
647 1545 730 1610 ferat,
743 1557 794 1596 etc,

252 1658 366 1718 Coelius
380 1657 436 1718 lib.
452 1661 526 1719 Vll:
545 1659 670 1722 «Debet
684 1661 820 1724 multum
833 1663 943 1732 Latina
955 1679 1004 1720 res
1016 1658 1191 1726 Mantuano
1206 1652 1296 1728 caelo,

253 1746 312 1810 sub
326 1769 388 1830 quo
401 1748 586 1831 eloquentiae
599 1753 755 1831 specimen
767 1751 860 1833 longe
872 1751 1080 1811 clarissimum
1090 1762 1121 1808 et
1131 1762 1254 1823 natum,
1264 1757 1295 1803 et

251 1855 341 1922 parte
353 1839 492 1921 quadam
506 1839 671 1910 educatum
683 1853 738 1902 est
750 1866 765 1898 u

431 2011 552 2054 110ΝοΙὶ
572 2013 735 2054 vinoun
756 2014 921 2054 ruruttus
941 2012 1123 2060 AETERNUS.

293 2137 394 2220 Hujus
409 2143 453 2202 rei
467 2161 625 2222 praecones
640 2155 729 2219 sunt3
741 2143 893 2207 Martialis
905 2141 961 2206 lib.
973 2145 1037 2219 XI,¹
1046 2143 1136 2228 Epig.
1150 2139 1203 2214 533

395 2265 467 2316 Rura
478 2267 519 2319 vel
533 2242 630 2324 oelerno
643 2252 766 2340 proxima
777 2267 898 2340 Virgilio·

255 2381 347 2444 Ouid.
360 2383 374 2448 Ι
386 2385 492 2444 Amor.
505 2385 573 2461 XV,
587 2386 644 2478 ab:

360 2506 479 2582 Tityrus,
492 2523 518 2562 et
530 2523 646 2584 segetes,
658 2511 804 2586 AEneiaque
818 2529 892 2563 arma
903 2509 1038 2581 legentur,

395 2587 481 2642 lloma
493 2591 650 2662 triumphati
662 2591 726 2642 dum
738 2603 820 2662 caput
833 2589 906 2642 orbis
918 2591 977 2641 erit.

256 2700 411 2780 Hilasius,
426 2717 519 2786 poeta
532 2691 752 2768 scholasticus:

359 2835 439 2886 Lucis
451 2833 550 2887 damna
560 2835 628 2887 nibil
640 2847 716 2887 tanto
728 2850 845 2886 namara
856 2816 958 2905 pasta,

395 2913 482 2980 Quem
493 2927 637 2986 presentat
648 2913 735 2966 honos
748 2915 887 2978 carminis,
900 2925 927 2965 et
937 2912 1031 2984 plutei.

256 3025 480 3102 blaatmianus,
495 3038 587 3107 poeta
601 3025 823 3086 scholasticus:

360 3149 529 3202 Carminibus
542 3149 674 3222 pecudes,
687 3162 713 3202 et
725 3168 784 3216 rus,
797 3161 823 3204 et
835 3149 908 3207 bella
919 3150 1054 3218 canendo,

395 3231 499 3284 Nomen
512 3231 700 3284 inexstinctum
711 3229 838 3306 Virgilius
852 3235 958 3296 meruit.

255 3336 444 3421 Politianus,
455 3346 488 3409 in
503 3345 632 3414 Manto:

361 3468 410 3519 eui
423 3469 505 3523 decus
518 3491 596 3525 omne
609 3489 686 3525 suum
699 3471 777 3526 cedet
788 3471 939 3542 stupefacta
951 3481 1077 3524 vetustas.

255 3579 370 3640 Iterum
388 3585 523 3664 Perpetui
538 3587 626 3662 vatis,
647 3585 679 3646 id
697 3600 759 3663 est,
781 3583 923 3649 duraturi
941 3605 1070 3670 semper.
1091 3585 1131 3644 Et
1149 3583 1191 3646 ad
1210 3581 1298 3644 finem

257 3668 366 3760 grandi
380 3671 510 3754 Elogio:
955 3676 957 3680 ’

359 3794 395 3845 At
405 3811 496 3850 manet
507 3814 647 3870 aternum,
660 3815 686 3854 et
697 3821 771 3856 seros
784 3803 900 3855 excurrit
910 3803 938 3852 in
948 3815 1035 3854 mnus

361 3876 435 3927 Vatis
447 3896 530 3948 opus,
544 3879 661 3952 dumque
673 3885 701 3934 in
714 3885 796 3936 tacito
809 3897 876 3953 vaga
888 3881 977 3933 sidera
989 3880 1090 3933 mutulo

359 3951 525 4026 Fulgebunt,
538 3957 601 4009 dum
614 3959 654 4011 sol
666 3961 749 4031 nigris
761 3962 862 4016 orietur
874 3959 908 4012 ab
920 3959 1010 4026 indis,

359 4034 458 4086 Praevia
469 4036 598 4090 Luciferis
611 4038 697 4094 aderit
709 4040 772 4095 dum
784 4041 906 4108 curribus
918 4040 986 4106 lina,
