2654 4590
223 257 264 326 52
547 250 925 316 COMMENTARIA
1002 301 1006 308 .

223 383 289 455 det3
304 377 417 458 trajicit
432 375 567 436 Numani
584 386 743 454 tempora:
761 394 794 432 ac
808 373 911 432 statim
924 372 1069 432 Ascanius
1078 371 1279 456 gloriabun-

223 473 295 543 dus;
316 492 329 524 u
340 468 365 536 i,
384 463 614 544 superbissime,
627 477 719 542 atque
731 461 827 522 illude
839 483 941 520 veram
956 463 1117 522 virtutem:
1136 463 1191 538 hi,
1214 466 1277 545 qui

221 553 272 616 bis
285 553 382 633 capti,
395 551 554 609 remittunt
564 549 620 607 tibi
634 569 690 628 pro
703 568 868 627 responso,
881 569 947 608 non
962 549 1068 625 verba,
1079 551 1128 610 sed
1141 551 1244 610 facta.
1258 577 1274 607 n

221 645 366 726 Sequitur
386 641 488 699 statim
507 639 548 698 ad
568 638 688 698 felicem
708 658 877 698 successum
898 637 1104 719 Trojanorum
1125 641 1274 714 clamor,

222 733 362 793 fremitus
376 725 584 801 laetabundus,
598 726 681 783 vocis
696 723 845 800 faventia,
862 745 923 803 qua
935 744 967 784 se
979 739 1007 784 et
1021 727 1189 786 Ascanium
1205 726 1275 786 tol-

222 822 293 881 lunt
304 817 343 877 ad
355 815 468 888 sidera,
480 813 565 895 pleni
578 813 759 894 gloriarum.
1079 877 1081 893 Ι

192 942 193 946 ,
262 909 330 969 638.
350 902 502 966 Describit
524 902 700 985 Apollinem
722 903 946 982 despectantem
970 924 1108 984 pugnas:
1133 901 1274 963 adhibet

223 998 342 1070 locum,
353 1014 425 1052 nam
435 993 474 1051 ab
485 989 602 1052 etheria
613 989 702 1073 playa
708 1015 719 1064 ,-
730 988 894 1066 thronum,
908 1011 980 1050 nam
991 991 1114 1051 sedebat
1124 993 1157 1051 in
1170 991 1272 1053 nube.-

220 1089 320 1166 signat
334 1082 399 1162 ejus
411 1093 616 1155 venustatem,
637 1100 751 1140 vocans
766 1081 900 1140 crinitum
912 1104 921 1139 .·
934 1083 976 1140 sic
990 1083 1093 1162 itaque
1105 1081 1273 1162 spectabat

221 1189 285 1236 tam
302 1176 398 1234 Turni
416 1173 508 1246 acies,
530 1191 624 1252 quam
644 1166 754 1230 urbem
773 1171 905 1230 Ascanii.
926 1167 1005 1230 Vide
1021 1171 1192 1230 Excursum
1208 1171 1272 1246 W,

221 1263 283 1324 vol.
296 1263 348 1334 lV,
362 1279 432 1340 pag.
447 1259 495 1317 86.

260 1349 329 1426 641.
340 1348 493 1428 Loquitur
503 1344 638 1406 Pboebus
648 1368 718 1407 cum
731 1348 874 1422 Ascanio,
888 1345 974 1428 cujus
984 1346 1129 1408 hicmirae
1141 1345 1268 1424 laudes,

220 1433 289 1526 quae
305 1451 459 1511 crescunt,
479 1455 578 1516 quum
594 1435 739 1498 dicantur
754 1459 807 1497 ore
823 1436 991 1518 Apollinis,
1012 1439 1096 1520 quod
1110 1457 1268 1520 magnum

220 1531 369 1592 decorum
382 1538 441 1598 est;
460 1537 490 1582 et
504 1521 566 1582 hoe
583 1526 637 1604 qui
652 1527 767 1607 capiat,
785 1545 936 1605 magnum
948 1545 1012 1584 esse
1028 1525 1195 1605 Virgilium
1212 1545 1268 1584 ca·
1309 1527 1310 1530 ’

220 1618 301 1700 piet:
315 1611 554 1675 commendatur
565 1631 638 1692 ergo
654 1634 766 1672 anova
779 1615 905 1687 virtute,
922 1635 983 1694 qua
995 1634 1059 1694 prae
1072 1615 1182 1688 ceteris
1195 1633 1269 1672 auc·

219 1719 282 1780 tus,
298 1723 396 1784 quum
408 1722 471 1760 non
488 1703 570 1760 aucti
586 1705 678 1760 anni:
696 1723 712 1760 a
728 1701 803 1761 belli
817 1704 933 1762 virtute
946 1717 976 1761 et
988 1701 1111 1775 labore,
1124 1723 1188 1782 quo
1202 1702 1266 1760 sibi

221 1793 260 1852 ad
279 1791 391 1851 eaelutn
410 1790 470 1848 iter
489 1788 638 1849 adstruit:
658 1811 676 1848 a
695 1789 809 1848 divinis
827 1787 997 1862 natalibus,
1016 1809 1089 1848 nam
1106 1790 1233 1868 genitus
1249 1809 1270 1847 a

219 1881 301 1954 Diis,
316 1877 401 1958 quod
419 1877 495 1935 dicit
510 1891 638 1958 propter
654 1879 820 1951 Venerem,
840 1891 871 1936 et
886 1875 952 1937 haec
968 1891 1032 1936 erat
1048 1878 1134 1936 Jovis
1146 1875 1234 1935 filia:
1252 1898 1270 1935 a

221 1965 328 2024 divina
340 1965 534 2045 posteritate3
552 1985 625 2022 nam
640 1966 799 2044 geniturus
811 1967 906 2040 Deos,
924 1965 1057 2039 Julium,
1074 1967 1269 2042 Augustum,

221 2052 315 2114 alios:
330 2075 346 2112 a
358 2053 470 2124 futuris
483 2065 512 2110 et
523 2052 672 2114 fatalibus
681 2053 784 2128 bellis,
797 2074 866 2134 quoe
878 2055 920 2114 sic
933 2050 1239 2112 administrabuntur
1249 2075 1268 2112 a

219 2143 359 2224 posteris,
370 2142 453 2222 (nam
463 2162 520 2222 per
530 2156 653 2222 gentem
660 2144 798 2212 Assaraci
809 2140 1117 2221 intelligitllomenos
1126 2139 1267 2220 futuros)

219 2243 257 2289 ut
270 2231 375 2288 omnia
386 2231 606 2310 conquiescant
616 2242 646 2289 et
656 2231 790 2290 residant
800 2253 807 2288 ι
819 2229 945 2289 demum
957 2229 996 2288 ab
1006 2228 1123 2308 ingenti
1134 2229 1266 2303 virtute,

221 2339 317 2402 quam
330 2315 436 2398 Troja,
458 2319 576 2378 etiamsi
587 2339 716 2400 magna,
736 2332 839 2379 tamen
852 2340 915 2378 non
932 2318 1023 2399 cepit.
1036 2317 1182 2376 Advertat
1193 2319 1267 2377 Lec-

221 2420 285 2481 tor,
297 2406 354 2466 bas
365 2406 473 2466 laudes
485 2428 549 2467 non
564 2408 687 2468 auditas
703 2409 759 2488 ipsi
773 2410 914 2468 Ascanio.

240 2486 243 2492 ⁶
260 2493 329 2572 644.
342 2498 416 2555 Haec
429 2514 525 2574 quum
536 2494 679 2570 dixisset,
691 2517 724 2556 se
734 2518 750 2555 e
759 2496 836 2556 caelo
847 2496 886 2556 ad
896 2496 1062 2556 Ascanium
1073 2485 1171 2569 misit,
1182 2497 1265 2554 auris

222 2703 297 2736 ruma
315 2701 376 2734 nam
395 2699 452 2751 quse
469 2683 576 2736 sinistra
594 2684 669 2734 nobis
685 2685 722 2735 vi·
766 2685 799 2737 de
814 2685 911 2754 Trojal
928 2701 975 2734 cur
989 2683 1054 2734 talia
1070 2681 1177 2734 nubibus
1193 2681 1264 2732 irrita

224 2763 334 2826 dentur,
355 2761 519 2813 intuentibus
536 2761 644 2826 caelurn,
668 2762 722 2815 illic
766 2765 847 2816 donat
860 2764 904 2815 ille
917 2765 1005 2815 Deus?

225 2844 317 2900 dextra
341 2853 422 2892 sunt:
447 2860 501 2892 non
523 2842 596 2911 quod
617 2845 724 2896 sinistra
801 2843 861 2909 644.
872 2845 961 2895 Necte
975 2842 1138 2914 ijacapt‘t.
1151 2841 1199 2894 Vel
1210 2861 1264 2895 ma·

224 2925 297 2976 bona
312 2934 387 2984 sunt;
403 2922 451 2973 sed
467 2921 540 2992 quod
558 2921 650 2974 dextra
667 2923 723 2974 caeli
764 2925 807 2992 jor
821 2941 849 2974 es
865 2939 944 2991 quarn
959 2923 1060 2992 patria,
1077 2920 1119 2972 vel
1138 2923 1224 2990 major
1238 2941 1263 2974 es

223 3002 301 3055 nobis
312 3003 420 3053 sinistra
429 3013 499 3054 sunt.
510 3002 580 3054 Serv.
767 3004 865 3054 meritis
879 3020 957 3071 quam
969 3003 1074 3064 civitas,
1089 3003 1117 3052 in
1129 2996 1183 3071 quse
1194 3021 1263 3054 nunc

259 3081 320 3147 640.
333 3081 408 3132 Nube
416 3080 509 3153 sedens.
524 3081 559 3130 Ut
571 3077 664 3130 sedent
675 3097 723 3130 nu·
768 3100 803 3134 es.
816 3081 879 3132 Vult
888 3081 966 3132 Brod.
977 3080 1087 3132 Miscell.
1099 3082 1118 3147 l,
1131 3082 1173 3146 26,
1183 3083 1263 3135 verba

224 3162 305 3211 mina.
318 3160 403 3210 Juno:
420 3160 496 3210 uNec
507 3170 535 3208 tu
546 3176 589 3208 me
600 3159 672 3209 aeria
681 3177 723 3209 so·
767 3161 823 3214 baec
844 3173 950 3231 sumpta
969 3177 983 3210 a
1004 3159 1120 3230 Philippi
1143 3177 1261 3213 sermone

224 3240 279 3291 lam
294 3255 366 3287 nunc
381 3237 453 3288 nube
467 3237 571 3289 videres
583 3237 669 3306 Digna
685 3239 723 3288 in·
767 3239 900 3290 laudantis
912 3255 1067 3309 generosam
1077 3236 1193 3289 indolem
1203 3240 1267 3292 Ale·¹

226 3318 307 3389 digna
326 3318 416 3386 pati.»
441 3318 498 3366 AEn.
519 3317 582 3380 ΧΗ,
607 3316 666 3368 810.
688 3345 723 3358 -
766 3317 860 3370 xandri
873 3317 932 3384 lilii,
952 3335 1033 3387 quum
1048 3317 1070 3366 is
1084 3317 1260 3386 Bucephalum

228 3399 363 3452 Victorem.
382 3397 451 3446 Bene
466 3397 490 3446 ei
503 3398 548 3466 qui
560 3415 641 3448 unum
655 3398 723 3448 occi·
767 3395 895 3448 ascendit.
905 3396 971 3446 Plut.
982 3397 1009 3446 in
1019 3393 1092 3444 Alex.
1102 3393 1163 3460 ζήτω
1173 3398 1259 3464 σιωπᾷ

226 3477 302 3529 derat
314 3473 416 3526 addidit
428 3473 590 3545 dignitatem.
600 3476 724 3547 -Adfa·
766 3475 886 3537 detrudar
894 3474 950 3536 lost,
959 3474 1092 3527 Mandane
1098 3469 1144 3542 γάρ
1152 3495 1176 3524 or
1184 3477 1208 3526 οὐ
1213 3493 1259 3542 χα-

228 3553 385 3608 turIulum:
400 3555 507 3604 nonita
523 3567 551 3603 ut
563 3554 635 3606 Iulus
648 3553 723 3606 audi·
767 3554 814 3623 pti:
836 3555 925 3624 Quaere
943 3555 988 3604 tibi
1006 3571 1111 3626 regnum
1128 3572 1190 3624 par;
1208 3573 1258 3606 non

226 3646 274 3686 ret.
289 3635 358 3686 Serv.
375 3660 410 3671 -
423 3631 500 3682 Hunc
514 3649 618 3684 sensum
633 3634 722 3685 Servio
767 3633 836 3683 enim
847 3645 871 3684 te
880 3634 950 3705 capit
959 3633 1121 3684 Macedonia.
1135 3632 1165 3683 ld
1173 3634 1256 3704 ipsum

226 3714 328 3786 pariter
341 3723 367 3762 et
380 3709 471 3762 Cerdtc
483 3711 614 3782 placuisse
627 3715 722 3774 miron
768 3711 878 3763 adnotat
889 3715 968 3764 Henr.
980 3710 1069 3780 Stepb.
1079 3713 1107 3762 in
1117 3711 1215 3764 Praefat.
1225 3712 1256 3765 ad

227 3793 323 3844 namsi
338 3780 464 3841 Phoebum
479 3792 551 3844 lulus
567 3811 622 3844 non
634 3793 722 3857 audit,
766 3793 838 3862 Virg.
849 3793 925 3843 Hunc
936 3790 1052 3860 Philippi
1065 3809 1209 3844 sermonem
1225 3789 1256 3844 ad

228 3889 307 3939 quem
318 3869 352 3921 ad
363 3868 441 3922 finem
455 3884 509 3922 tarn
522 3874 626 3944 signata
637 3873 722 3942 loqui·
766 3869 943 3922 Alexandrum
954 3868 1036 3918 filiurn
1046 3869 1164 3921 versibus
1173 3869 1255 3941 reddi-

227 3963 284 4014 tur,
297 3947 330 4000 de
340 3951 449 4015 virtute,
460 3950 492 4003 de
501 3964 579 4020 gente
586 3951 722 4018 Assaraci,
767 3949 806 4000 dit
812 3948 906 4001 Claud.
915 3948 948 4002 de
955 3949 999 4015 lV,
1008 3948 1087 4002 Cous.
1095 3951 1162 4001 Hon.
1174 3950 1252 4004 Cerdo.
