2742 4596
185 275 189 278 ’
245 289 308 367 422
353 282 675 351 ARGUMENTA
697 281 913 352 uranon
935 283 1183 355 vlnolnrr.

702 429 826 478 PthL

239 537 328 623 Quid
342 539 438 604 faciat
449 537 538 604 laetas
550 551 679 627 segetes
691 559 698 600 :
712 557 787 626 quae
799 534 907 604 sidera
919 555 1029 606 servet

240 648 406 736 Agricola,
419 664 456 712 ut
467 646 598 712 facilem
610 662 731 710 terram
743 643 934 734 proscindat
945 648 1074 730 aratris,

240 755 372 821 Semina
385 777 452 846 quo
461 752 613 844 jacienda
625 752 932 844 modo,·cultusque
944 755 1111 836 locorum,

240 861 283 924 Et
293 883 416 925 messes
429 857 544 926 docuit
554 883 675 949 magno
687 859 766 926 olim
778 861 907 927 foenore
919 859 1026 928 reddi.

672 1001 852 1048 stennon

240 1105 409 1174 Hactenus
420 1131 574 1175 arvorum
587 1107 710 1189 cultus,
724 1123 758 1212 ot
770 1106 877 1176 sidera
889 1107 970 1176 cae'li.

237 1215 432 1302 Pampineas
445 1217 532 1281 canit
544 1215 622 1282 inde
631 1237 763 1294 comas,
774 1215 943 1304 collesque
955 1214 1118 1294 virentes,
1135 1261 1138 1270 ·
1265 1241 1292 1272 ιο

237 1319 494 1412 Descriptasque
506 1322 587 1390 locis
599 1322 697 1400 vites,
711 1337 743 1388 et
757 1319 845 1388 dona
857 1321 961 1411 Lyci,

237 1425 346 1514 Atque
359 1425 441 1492 oleae
453 1449 561 1493 ramos
571 1447 751 1516 pomorum
762 1449 804 1492 ex
816 1425 934 1496 ordine
946 1427 1060 1494 lectos.

687 1571 834 1618 Tanrln

238 1677 371 1767 Teque,
384 1677 492 1758 Pales,
506 1697 539 1744 et
551 1695 600 1761 te,
612 1697 725 1769 pastor
736 1678 953 1746 memorande
965 1701 1026 1767 per
1038 1677 1172 1760 orbem,

235 1785 279 1850 Et
291 1807 449 1870 pecorum
461 1786 586 1858 cultus.
599 1805 632 1854 et
644 1788 792 1876 gramine
804 1786 1026 1874 permolesta,

236 1888 316 1970 Quis
329 1888 479 1956 habitent
490 1910 637 1959 armenta
650 1894 744 1972 locis,
758 1892 965 1960 stabulentur
977 1909 1011 1960 et
1021 1892 1112 1982 agni,
1262 1896 1294 1956 ιθ.

234 1995 355 2060 Omnia
367 1995 687 2072 divinornonstrnvit
698 2002 844 2066 carmine
856 2017 957 2067 vates.
1039 2064 1043 2076 ,

680 2141 842 2202 occure

172 2261 175 2266 ’
234 2242 387 2308 Protinus
399 2245 478 2308 aerii
491 2242 598 2310 mellis
610 2241 794 2310 redolentia
805 2266 923 2332 regna,

235 2350 387 2440 Hyblaeas
401 2370 538 2442 stapes,
551 2355 701 2420 alvorum
713 2376 809 2420 cerea
821 2369 922 2432 tecta,

233 2462 366 2553 Quique
378 2463 495 2552 apibus
507 2463 620 2544 flores,
634 2464 785 2530 examina
797 2485 938 2552 quaeque
949 2457 1106 2550 legenda,

233 2569 1020 2664 Iudicat,humentesquefevos,caelestiadona.
1254 2590 1283 2627 ²⁰

736 2743 778 2806 X.

277 2901 330 2969 De
345 2905 379 2967 V
376 2899 476 2996 irqiliz‘
485 2859 627 2984 AEneide‚
637 2925 736 2995 quom
748 2876 890 2966 dentibus
902 2899 1108 2991 discerpserat
1119 2898 1235 2962 asinus

233 3063 393 3130 Carminis
407 3066 496 3130 Iliaci
507 3064 609 3130 libros
621 3059 827 3150 consumpsit
836 3059 969 3126 asellus

277 3172 349 3237 Hoc
361 3173 467 3238 fatum
478 3172 588 3263 Trojae
601 3186 668 3251 est,
676 3185 734 3234 aut
746 3192 868 3259 equus,
881 3184 938 3233 aut
949 3169 1070 3234 asinus.

263 3345 309 3394 lx,
324 3345 348 3397 5,
360 3347 421 3400 vid,
434 3350 523 3402 Bam,
536 3351 583 3405 Ge,
594 3351 621 3415 1,
629 3369 657 3421 p,
671 3367 729 3420 17⁰·
814 3365 857 3402 η.
865 3347 893 3400 F.
908 3347 995 3420 Atque
1004 3345 1084 3412 oleoe,
1097 3355 1124 3398 et
1137 3363 1222 3398 mmor
1230 3361 1275 3418 po*

232 3418 379 3476 Exstabant
388 3427 467 3479 iidem
481 3431 508 3480 in
520 3430 586 3483 Cod.
597 3432 673 3483 Rom.
684 3449 728 3504 ap.
774 3445 885 3479 morum.
894 3427 962 3480 Vide
972 3425 1083 3480 AnthoL
1093 3424 1183 3480 Latin.
1191 3424 1243 3477 vol.
1251 3425 1275 3486 r,

230 3497 345 3572 totns,
358 3505 405 3558 sed
417 3512 545 3582 corrupti.
773 3513 819 3566 lib.
831 3517 867 3578 11;
878 3517 969 3588 Epigr.
987 3517 1044 3585 189.

679 3768 820 3786 “uh-—
