2742 4596
192 295 254 370 412
552 279 871 346 aneuuau‘ra

188 411 277 474 Mars
290 423 400 488 vocat,
413 422 447 472 et
457 404 535 470 totis
548 405 582 470 iu
594 425 740 493 pugnam
752 403 877 470 viribus
889 405 964 470 itur.

191 517 355 582 interimit
366 515 510 580 Pallanta
521 529 640 602 potens
653 514 687 578 in
699 513 812 602 proelia
822 515 967 580 Turnus.

190 623 438 714 Caedunturque
451 622 571 690 duces:
585 623 673 690 cadit
686 638 720 688 et
731 625 802 688 siue
815 623 950 690 nomine
963 623 1090 712 vulgus.

189 729 400 796 Subtrahitur
411 752 530 820 pugnae
541 730 683 796 Juncais
695 729 833 794 nurnine
845 731 989 794 Turnus.
1018 750 1020 756 ’

193 840 308 904 AEneas
320 854 444 927 perstat
455 839 600 904 Mezenti
612 837 702 905 caede
714 839 817 927 piata,

192 942 234 1006 Et
246 944 390 1010 Lausum
403 946 523 1010 invicta
534 946 669 1035 perimit
680 968 742 1034 per
753 937 891 1010 vulnera
903 943 1025 1012 dextra.

192 1051 271 1115 Mox
283 1053 371 1118 ultor
382 1056 450 1119 nati
461 1055 647 1120 Mezentius
660 1052 781 1121 occidit
793 1055 873 1144 ipse.

611 1199 820 1252 UNDECJMI·

193 1301 371 1369 Constituit
382 1306 480 1370 Marti
494 1306 674 1396 spoliorum
687 1329 727 1371 ex
738 1305 834 1372 hoste
846 1321 1024 1394 tropaeum3

192 1409 456 1503 Exanimumque
469 1412 554 1502 patri
565 1431 680 1481 natum
692 1414 837 1480 Pallanta
847 1413 994 1478 remittit.

192 1512 272 1578 Jura
284 1517 462 1604 sepulturae
474 1519 589 1586 tribuit
600 1536 800 1608 tempusque
812 1519 947 1584 Latinis.

192 1615 347 1684 Evander
358 1623 481 1708 patrios
493 1624 633 1690 affectus
646 1621 715 1688 edit
727 1625 761 1687 iu
774 1621 868 1687 urbe.

194 1712 341 1812 Corp'ora
353 1751 435 1794 caesa
445 1732 553 1796 virum
565 1733 687 1818 passim
699 1728 824 1817 digesta
836 1745 1034 1793 cremantur.

194 1833 308 1920 Legati
319 1836 470 1900 referunt
481 1835 667 1902 Diomeden
680 1859 770 1902 arma
783 1859 929 1926 negasse.

193 1939 338 2004 Drances
351 1960 384 2006 et
396 1945 544 2023 Turnus,
557 1944 646 2031 leges
659 1959 811 2033 aequante
823 1945 956 2023 Latino,

102 2035 106 2052 ⁸
194 2047 404 2114 Concurrunt
416 2049 521 2116 dictis.
535 2053 652 2116 AEneas
665 2053 817 2118 imminet
828 2052 913 2120 urbi.

194 2164 362 2248 Pugnatur
376 2182 382 2221 :
396 2157 533 2222 vincunt
542 2157 664 2224 Troes:
677 2156 765 2224 cadit
776 2159 840 2224 icta
852 2158 997 2232 Camilla.

196 2265 324 2332 Deinde
338 2267 439 2332 duces
452 2265 579 2347 castris,
593 2265 700 2332 donec
713 2288 856 2347 cessere,
870 2266 1048 2331 minantur.

599 2410 836 2458 nuonnclnt.

196 2519 330 2584 Turnus
337 2519 407 2608 jam
418 2519 528 2584 fractis
540 2517 680 2584 adverso
692 2521 799 2583 Marte
810 2517 934 2584 Latinis
1032 2596 1034 2600 Ι

196 2627 307 2691 Semet
319 2627 353 2691 in
364 2650 455 2692 arma
465 2643 573 2715 parat,
586 2649 702 2716 pacem
714 2627 870 2716 cupiente
882 2627 1009 2692 Latino.

198 2731 320 2799 Foedus
332 2736 516 2822 percutitur
527 2737 671 2824 passuris
684 2736 795 2802 omnia
806 2735 912 2800 victis.

198 2842 271 2906 Hoc
283 2842 388 2906 Turni
398 2843 417 2906 J
421 2858 540 2908 uturna
552 2867 645 2910 soror
656 2825 851 2909 confundit:
866 2860 898 2908 et
910 2840 1024 2908 ambos

198 2949 237 3011 In
248 2969 393 3036 pugnam
406 2951 548 3039 populos
559 2951 640 3038 agit,
654 2950 811 3015 ementita
824 2945 1021 3014 Camertem.

199 3061 315 3125 AEneas
327 3059 453 3126 volucri
465 3059 612 3126 tardatur
623 3060 773 3127 membra
785 3063 911 3150 sagitta.

201 3168 303 3234 Anxia
313 3192 376 3256 pro
387 3187 465 3236 nato
478 3173 619 3237 serravit
631 3193 709 3237 cura
721 3171 876 3261 parentis.

201 3271 288 3336 Urbs
301 3277 428 3362 capitur
439 3301 446 3340 ε
459 3279 561 3344 vitam
572 3277 693 3368 laqueo
706 3277 768 3343 sibi
781 3276 854 3343 finit
865 3280 990 3342 Amata.

202 3379 317 3442 AEneas
330 3379 496 3463 Turnum,
510 3407 627 3472 campo
639 3403 849 3471 congressus,
862 3382 1031 3470 utrimque

128 3565 132 3570 ἱ
203 3482 408 3549 Circumfusa
420 3489 504 3568 acie,
517 3491 584 3556 vita
597 3490 749 3580 spoliavit
761 3507 794 3554 et
804 3489 914 3556 armis.

1209 3493 1250 3540 130

243 3639 303 3692 ¹08·
316 3642 430 3696 Mezenti
438 3647 518 3712 caede,
531 3648 557 3702 h.
572 3669 587 3700 a
600 3653 705 3704 Mezen·
747 3649 834 3722 piare,
849 3659 952 3721 perstat
967 3647 995 3698 iu
1012 3661 1059 3710 eo,
1076 3653 1106 3694 at
1118 3642 1191 3712 piet,
1208 3657 1251 3690 ³¹·

206 3721 244 3769 ¹5⁰
257 3720 341 3782 faciat
355 3734 469 3796 stragem
481 3725 659 3800 Trojanorum
672 3731 706 3782 ab
750 3731 820 3802 piet,
836 3729 981 3783 ulciscatur
991 3741 1089 3790 oenoe,
1106 3720 1253 3776 merredic-

197 3816 238 3854 ¹en
258 3797 365 3874 editam·
377 3801 521 3859 ulciscitur.
542 3811 621 3861 Forte
637 3810 705 3861 fuit:
751 3809 837 3864 rentii.
