2726 4592
503 313 712 379 caunas
1065 318 1126 406 ιιι

82 431 139 494 sub
127 454 357 518 personarum
369 431 516 516 exemplis
524 430 668 498 doceres
685 441 819 512 quatuor
829 443 917 510 sunt,
932 438 1027 518 inquit
1036 440 1129 500 Euse-

8 521 11 528 '
83 509 161 598 bitis,
178 544 290 606 genera
312 523 453 598 dicendi3
472 523 648 624 copiosum,
671 523 704 581 in
723 543 787 604 quo
806 524 914 584 Cicero
933 525 1172 604 dominatur,

81 611 205 689 breve,
198 636 231 673 m
241 635 304 696 quo
315 613 476 673 Sallustius
485 623 609 693 regnet3
619 613 749 687 siccum,
760 613 845 692 quod
853 615 1005 677 Frontoni
1015 615 1130 676 adseri·

80 701 224 776 bitur,
193 725 311 786 pingue
321 716 351 764 et
362 701 544 777 floridum,'
538 722 569 760 m
581 721 643 783 quo
654 699 776 763 Plinius
789 703 946 766 Secundus
955 707 1131 786 quondam,

80 802 112 848 et
127 811 213 851 nunc
228 791 316 853 nullo
332 805 470 852 veterum
485 792 588 850 ιιιίιιοι
599 802 703 850 noster
719 790 920 878 Symmachus
937 793 1130 856 luxuriatur.

81 877 135 938 sed
148 880 232 961 apud
244 902 345 942 unum
356 882 519 943 Maronem
533 881 596 940 haec
609 890 743 961 quatuor
753 898 865 960 genere
878 885 1045 964 reperies.»
1056 886 1133 944 Hac

81 979 174 1030 tenus
184 971 378 1048 Macrobius,
389 991 457 1052 quse
469 991 527 1051 ego
540 972 573 1030 in
586 971 709 1030 brevius
718 973 955 1048 contraxissem,
968 975 1027 1034 nisi
1019 973 1133 1033 vidis·

83 1077 148 1118 sem
163 1081 283 1122 summe
297 1061 466 1122 necessaria
480 1059 519 1120 ad
538 1081 620 1135 rem,
634 1059 673 1120 de
688 1081 750 1140 qua
768 1059 897 1142 loquor:
913 1083 986 1123 mox
1004 1059 1133 1122 adhibet

83 1147 225 1228 exempla
235 1149 425 1230 Virgiliana,
440 1145 558 1229 quibus
572 1145 708 1223 indicat,
724 1161 859 1228 quatuor
873 1147 928 1210 illa
939 1149 1063 1210 dicendi
1081 1169 1132 1228 ge-

82 1255 160 1295 nera
179 1259 299 1300 summe
317 1240 463 1301 enituisse
476 1240 509 1316 in
520 1237 662 1318 Virgilio.
677 1239 750 1299 Post
762 1259 831 1320 quae
847 1241 961 1300 iterum
973 1237 1071 1318 longo
1083 1240 1132 1298 in-

83 1325 217 1388 tervallo
225 1331 360 1410 erumpit
369 1329 403 1388 in
413 1327 474 1388 hoc
486 1327 630 1386 divinum
641 1327 779 1408 elogium¹
792 1327 890 1388 divini
902 1329 993 1388 vatis:
1010 1326 1133 1386 «vides-

84 1433 123 1473 ne
134 1415 348 1498 eloquentiam
361 1419 449 1478 omni
463 1418 610 1476 varietate
622 1416 814 1494 distinctam,
828 1438 922 1499 quam
932 1416 1059 1498 quidem
1073 1417 1134 1476 mi-

84 1500 120 1562 hi
138 1504 263 1568 videtur
271 1507 592 1591 Virgilius-nonsine
607 1507 745 1588 quodam
758 1509 924 1590 praesagio,
931 1527 1003 1608 quo
1017 1527 1048 1566 se
1065 1525 1133 1566 om-

83 1591 174 1650 nium
188 1593 381 1675 profectibus
395 1591 605 1676 praeparabat,
620 1592 658 1656 de
672 1593 826 1655 industria
840 1596 1068 1676 permiscuisse.
1062 1592 1134 1654 ‚id-

84 1699 144 1760 que
157 1703 222 1742 non
237 1685 381 1760 mortali,
393 1684 444 1746 sed
461 1685 593 1744 divino
585 1686 712 1765 ingenio
732 1686 925 1765 praeridisse3
944 1698 1036 1788 atque
1055 1683 1133 1746 adeo

85 1789 152 1830 non
166 1771 264 1832 alium
277 1729 387 1834 duceni
402 1786 539 1848 secutus,
560 1795 654 1854 quam
673 1775 772 1854 ipsam
792 1796 896 1834 rerum
910 1777 1051 1836 omnium
1068 1795 1134 1834 ma-

84 1867 165 1916 trem
178 1872 340 1934 naturam,
353 1859 436 1930 hanc
450 1861 615 1940 pertexuit,
631 1861 765 1920 velutin
783 1860 916 1936 Musica,
934 1861 1134 1922 concordiam

84 1945 302 2009 dissonorum:
318 1952 453 2032 qnippe,
466 1970 490 2008 s1
482 1949 686 2009 mundum
675 1973 779 2032 ipsum
794 1952 958 2034 diligenter
972 1953 1133 2033 inspicias,

83 2037 484 2117 magnamsimilitndinem
496 2037 596 2101 divini
609 2038 711 2114 illins,
726 2053 759 2099 et
774 2039 879 2121 hujus,
897 2043 1013 2122 poetici
1032 2042 1134 2122 operis

85 2125 241 2186 invenies:
255 2148 329 2188 nam
342 2126 475 2208 qualiter
484 2127 662 2207 eloquentia
672 2129 812 2187 Maronis
825 2128 865 2187 acl
876 2130 1020 2188 omnium
1032 2148 1134 2188 mores

84 2213 208 2295 integra
222 2229 380 2292 est,¹nunc
393 2216 511 2290 brevis,
523 2235 608 2273 nunc
620 2215 862 2294 copiosa„nunc
874 2215 966 2290 sicca,
979 2233 1063 2276 nunc
1078 2215 1135 2276 ilo·

85 2299 170 2377 ride,
182 2323 266 2363 nunc
279 2303 372 2362 simul
382 2304 488 2363 omnia
499 2325 506 2377 3
519 2300 677 2361 interdum
689 2300 768 2361 lenis
779 2313 833 2360 aut
846 2313 982 2361 torrens:
998 2305 1041 2362 sic
1053 2317 1135 2362 terra

85 2391 155 2471 ipsa
166 2389 217 2452 hic
226 2391 297 2452 laeta
309 2392 461 2474 segetibus
471 2403 506 2452 et
505 2391 620 2474 pratis,
635 2389 680 2448 ibi
695 2390 790 2472 sylvis
802 2403 832 2449 et
845 2388 978 2471 rupibus
992 2389 1135 2472 hispida,

85 2477 174 2540 bic
152 2501 229 2542 sicca
243 2483 360 2559 arenis,
374 2481 446 2542 hic'
439 2486 554 2583 irrigua
566 2479 709 2540 fontibus
702 2525 726 2582 ‚⁷
741 2499 812 2560 pars
824 2493 909 2540 vasto
923 2482 1059 2563 aperitur
1071 2503 1135 2542 ma-

86 2569 134 2627 ri:
149 2569 315 2650 ignoscite,
328 2589 384 2629 nec
397 2571 531 2628 nimium
545 2588 595 2628 mc
609 2569 742 2644 vocetis,
758 2589 811 2648 qm
822 2579 940 2629 naturas
953 2591 1056 2630 rerum
1066 2572 1134 2630 Vir-

86 2656 201 2736 gilium
214 2659 410 2740 comparavi:
426 2659 508 2718 intra
522 2660 625 2740 ipsum
639 2658 724 2722 enim
736 2653 856 2716 mihi
826 2677 928 2718 visum
940 2672 999 2734 est,
1014 2681 1039 2719 ει
1031 2659 1136 2720 dice-

86 2766 154 2804 rem
173 2747 276 2808 decem
291 2747 468 2832 rhetorum,
484 2751 539 2830 qui
558 2747 642 2830 apud
657 2745 795 2808 Athenas
813 2749 930 2808 Atticas
948 2749 1134 2822 floruerunt,

87 2834 190 2916 stylos
202 2836 283 2894 inter
295 2855 327 2898 se
340 2834 478 2896 diversos
491 2835 575 2896 hunc
589 2855 688 2896 unum
700 2835 921 2916 permiscuisse.
933 2860 947 2890 ιι
961 2837 1051 2910 Sunt,
1065 2837 1134 2916 qui·

86 2923 146 2983 bus
164 2924 319 3003 judicium
339 2925 494 2984 Macrobii
513 2926 614 2984 visum
633 2936 679 2983 cst
697 2921 817 2984 audax.-
838 2943 912 2982 nam
932 2925 1002 3003 quis
1023 2923 1135 2982 audeat

88 3009 234 3090 praeferrc
246 3012 279 3070 in
292 3011 470 3092 eloquentia
480 3013 643 3078 Maronem
652 3009 778 3070 Tullio?
789 3021 860 3070 sunt
870 3022 992 3079 contra,
1003 3010 1057 3088 qni
1067 3030 1134 3068 rec·

87 3113 157 3159 turn
175 3121 336 3160 censorem
351 3113 474 3182 putent.
492 3101 530 3160 ln
544 3098 593 3160 his
608 3099 766 3160 Albericns
780 3101 814 3159 in
828 3099 883 3158 lib.
894 3097 1063 3178 Virgilian.
1073 3097 1134 3157 lec-

87 3190 226 3264 tionum,
248 3209 313 3270 cap.
331 3191 382 3262 183
399 3213 413 3244 ιι
424 3191 450 3247 is
463 3209 555 3270 supra
571 3189 753 3249 Ciceronem
770 3187 918 3247 landetur
932 3183 1008 3261 tibi,
1028 3188 1082 3268 qui
1101 3187 1135 3246 in

32 3331 37 3341 .
89 3279 237 3338 omnibus
249 3278 392 3339 excelluit
403 3279 569 3360 generibus
581 3278 721 3355 dicendi,
734 3297 833 3360 quum
844 3277 950 3336 Cicero
963 3289 1088 3358 praestet
1102 3278 1136 3336 in

88 3389 155 3428 uno
177 3381 300 3428 tantum
321 3367 496 3429 abundanti
517 3381 547 3429 ct
567 3369 704 3451 copioso.
716 3394 730 3426 ιι
745 3368 812 3447 Ego
826 3365 912 3425 litem
931 3364 1014 3426 hanc
1033 3387 1136 3426 meam

88 3478 155 3518 non
168 3457 270 3534 facio,
283 3471 319 3520 ut
333 3461 386 3540 qui
400 3473 522 3519 tantum
538 3457 754 3519 destinaverim
764 3455 888 3537 Virgilii
906 3455 1063 3538 praeconia
1081 3457 1135 3515 ad-

88 3546 216 3621 ducere,
229 3567 298 3628 quae
310 3549 342 3606 in
356 3547 425 3608 eliis
440 3569 554 3630 sparsa.
567 3547 626 3608 Sed
638 3547 688 3607 hic
701 3559 805 3606 tamen
817 3545 846 3604 ιιύ
858 3545 912 3604 κατ’
921 3547 1005 3612 εἰωθὸς
1017 3543 1134 3630 dicam,

88 3635 343 3698 animadvertisse
359 3659 408 3698 me
426 3639 496 3713 loce
506 3635 618 3713 Tullii,
633 3657 701 3718 quae
720 3655 828 3696 omnes
843 3637 933 3707 unice
946 3633 1135 3716 praedicant,

89 3740 127 3784 nt
147 3745 217 3806 quae
236 3746 324 3800 rara,
346 3728 512 3807 exquisita;
527 3723 709 3806 singularia3
724 3720 839 3806 quibus
852 3734 956 3781 temen
971 3720 1062 3782 video
1080 3724 1137 3782 ali-

90 3816 166 3896 quid
176 3813 253 3874 addi
265 3835 355 3894 posse
366 3814 506 3877 humano
519 3817 646 3896 ingenio
654 3828 690 3878 ¹et
703 3814 807 3878 alieno
816 3812 931 3875 labore.
943 3813 1076 3872 Rursum
1085 3833 1135 3872 me

90 3903 130 3962 ad
141 3901 310 3981 Virgilium
325 3902 471 3977 confero,
485 3917 516 3964 et
529 3903 700 3964 locavideo
714 3901 792 3960 adeo
805 3901 974 3975 inaccessa,
986 3914 1021 3960 ut
1031 3900 1136 3960 nullus

86 3993 129 4060 sit
140 3991 228 4052 loeus
242 3991 368 4052 mortali
380 3993 506 4074 ingenio
523 3991 641 4073 aliquid
653 3987 808 4062 addendi:
821 4007 895 4060 nam
908 3987 982 4070 quid
995 4001 1030 4048 tu
1041 3988 1136 4050 addas
