2726 4592
264 349 327 429 354
511 349 545 411 r.
569 346 799 414 vinorum
823 345 1055 414 aaronis

261 473 347 533 liana
368 471 500 535 lectione
518 471 579 533 late
597 470 790 550 persequitur
809 470 930 529 Marcus
943 470 1097 532 Antonius
1112 470 1311 554 Majoragius

263 559 433 624 Praefatio
448 561 499 621 Vl.
514 557 633 621 AEneid.
648 555 750 618 verbis
768 559 986 634 ornatissimis,
999 580 1068 639 quae
1082 559 1216 639 subjeci,
1231 582 1311 642 quo.

265 653 350 711 niam
365 650 527 710 continent
540 649 618 710 mira
634 648 736 728 elogia
745 645 884 728 Virgilii:
898 649 944 709 ait
957 649 1073 729 itaque,
1089 649 1191 730 aquid
1205 663 1310 710 autem

264 736 406 799 utilitatis
414 733 479 794 hac
490 736 523 794 iu
532 756 564 795 se
574 734 720 809 habeant,
730 736 801 816 quis
810 748 854 794 est
863 733 940 797 adeo
949 736 1099 818 stupidus,
1110 739 1188 818 quin
1198 736 1310 796 intelli

263 825 327 908 gat?
335 828 358 887 si
370 827 438 905 quis
447 827 531 886 enim
541 825 642 887 AEnete
650 827 746 886 vitant
755 825 812 884 sibi
824 839 980 907 proponat
987 822 1184 900 imitandam,
1193 847 1235 886 an
1244 848 1308 886 non

257 917 406 976 omnium
420 914 574 977 virtutum
588 935 654 978 uon
666 911 901 988 adumbratam,
914 911 967 974 sed
981 933 1156 996 expressam
1170 912 1308 996 effigiem

262 1001 395 1064 videbit?
406 1024 479 1068 nam
493 1003 546 1062 ubi
561 1003 688 1076 melius,
703 1001 779 1084 quid
794 1004 888 1063 virtus
901 1016 931 1064 et
945 1002 1020 1084 quid
1034 1005 1185 1086 sapientia
1197 1005 1309 1085 possit,

259 1093 414 1165 invenies,
423 1112 517 1171 quam
527 1093 561 1154 in
570 1089 630 1155 boc
640 1089 875 1172 divinoVirgilii
887 1090 999 1172 opere?
1008 1111 1102 1172 quam
1110 1092 1197 1152 enim
1206 1092 1307 1172 piunn

256 1201 355 1261 squam
377 1179 572 1262 religiosum,
596 1202 691 1264 quam
709 1179 845 1261 justum,
870 1201 964 1262 quam
988 1180 1189 1263 prudentem,
1212 1199 1307 1262 quam

260 1270 391 1346 fortem,
415 1292 509 1352 mam
533 1283 739 1352 temperatum
761 1271 888 1330 AEneam
915 1291 1008 1332 suum
1030 1270 1125 1332 fuisse
1149 1268 1309 1332 ostendit?

261 1381 357 1439 quam
372 1359 484 1420 deinde
498 1375 636 1436 sanctas,
651 1380 745 1441 quam
764 1361 917 1440 sapientes
935 1361 1052 1442 ubique
1070 1360 1241 1420 sententias
1260 1360 1306 1416 in·

256 1447 397 1510 terserit?
411 1463 488 1532 quot
505 1452 621 1532 ubique
635 1450 797 1528 sapientia
813 1465 966 1532 praecepta
980 1449 1125 1530 colligere
1139 1446 1227 1508 licet?
1241 1468 1305 1508 eer-

262 1553 306 1614 te,
320 1539 403 1620 quod
419 1539 458 1599 dc
466 1541 606 1600 Homero
614 1539 690 1600 dicit
699 1541 862 1614 Horatius,
872 1542 968 1622 Epist.
980 1539 1009 1600 lI
1023 1537 1078 1598 lib.
1089 1539 1119 1612 l,
1130 1559 1161 1598 v.
1173 1538 1207 1612 3,
1222 1535 1303 1596 idem

258 1645 318 1688 'nos
333 1625 372 1688 de
381 1628 532 1708 Virgilio,
546 1643 578 1688 et
590 1630 786 1688 meritissime
798 1627 924 1709 quidem
939 1627 1040 1688 dicere
1052 1646 1235 1709 pessumum

332 1742 399 1808 Qui,
413 1743 478 1812 qnid
489 1744 523 1794 sit
535 1742 690 1814 pulchrum,
704 1743 768 1814 quid
781 1756 872 1816 turpe,
886 1743 951 1814 quid
962 1743 1042 1810 utile,
1055 1741 1121 1815 quid
1132 1757 1203 1808 non,

331 1821 435 1873 Plenius
449 1841 479 1875 ac
491 1824 585 1877 melius
596 1824 748 1896 Chrysippo
761 1837 786 1876 et
798 1823 929 1878 Crantore
941 1824 1019 1887 dicim
1223 1819 1226 1824 ’

261 1935 343 1995 addo
358 1939 468 2013 etiarn,
482 1940 612 1998 Platone
627 1951 656 1997 et
671 1939 834 1999 Aristotele
848 1941 978 2000 melius:
993 1960 1067 1998 nam
1081 1959 1152 2019 quae
1166 1955 1302 2019 praecep-

254 2026 299 2084 tis
311 2038 341 2084 et
356 2025 600 2087 theorematibus
619 2025 801 2110 philosophi
816 2025 942 2104 docent,
959 2027 1009 2088 hic
1022 2041 1115 2108 poeta
1128 2040 1238 2087 noster
1256 2045 1302 2084 ex-

259 2117 371 2194 pressis
385 2115 534 2197 exemplis
552 2116 697 2176 ostendit.
714 2117 799 2194 Quid
817 2132 920 2177 autem
936 2117 1074 2176 dovario
1091 2131 1188 2197 atque
1202 2113 1304 2174 multi·

258 2200 333 2283 plici
347 2202 505 2279 doctrina,
519 2225 587 2286 quae
598 2225 633 2265 ex
642 2207 815 2286 virgiliana
827 2206 959 2267 lectione
971 2207 1156 2292 percipitur,
1167 2221 1302 2264 comma·
1348 2203 1349 2290 l

259 2291 397 2350 morem?
409 2293 448 2350 lu·
458 2313 520 2372 quo
532 2291 596 2354 t'am
608 2315 686 2376 pura
698 2309 729 2354 et
739 2293 872 2354 candida
884 2293 1017 2369 locutio,
1032 2308 1096 2354 tam
1109 2290 1301 2354 admirabilis

258 2381 435 2438 carminum
449 2393 616 2458 structura,
628 2396 692 2442 tam
704 2384 807 2442 suavis
820 2381 1039 2465 rhythmorum
1051 2379 1244 2454 modulatio,
1259 2389 1300 2438 tot

256 2467 394 2528 conditae
407 2484 439 2528 et
453 2484 627 2530 memoratu
641 2471 744 2552 dignm
757 2469 912 2544 historias,
926 2483 973 2530 tot
985 2470 1168 2551 eloquentes
1181 2482 1213 2528 et
1224 2488 1299 2534 sum·
1345 2511 1346 2547 t

250 2574 309 2613 ma
325 2569 389 2615 arte
403 2560 540 2618 oratoria
553 2559 702 2620 confectae
714 2562 890 2634 orationes,
905 2572 952 2619 tot
963 2559 1023 2619 loci
1041 2580 1076 2620 ex
1090 2560 1204 2620 intima
1217 2569 1300 2616 natu-
1344 2585 1345 2633 t

258 2642 374 2704 talium
386 2651 593 2726 quaestionum
606 2647 780 2708 subtilitate
791 2649 915 2730 repetiti
932 2649 1182 2729 conspiciantur3
1201 2659 1236 2706 ut
1252 2645 1299 2706 ad·
1343 2693 1344 2721 ,

259 2732 438 2793 mirandum
457 2737 592 2798 maxime
609 2738 661 2811 sit,
683 2739 717 2797 in
736 2759 800 2798 uno
819 2736 946 2797 homine
961 2749 1079 2798 tantam
1096 2736 1193 2796 luisse
1206 2738 1300 2796 scieu-
1342 2779 1343 2807 ,

259 2819 351 2894 tiam,
365 2835 402 2880 ut
414 2819 538 2884 divinus
553 2837 634 2884 certe
648 2827 771 2905 potius,
781 2847 875 2907 quam
888 2824 1030 2886 mortalis
1042 2824 1139 2887 tuisse
1152 2825 1299 2897 existima·
1341 2861 1342 2893 ,

258 2907 286 2964 ri
301 2905 426 2966 debeat:
439 2909 545 2969 nullus
560 2913 645 2971 enim
659 2933 798 2993 unquam
810 2916 843 2973 in
855 2912 915 2974 hoc
926 2914 1058 2974 Auctore
1070 2933 1210 2972 errorem
1221 2913 1298 2972 inve·

258 2996 321 3070 nit,
335 2997 389 3076 qui
402 2994 533 3076 alicujus
548 3019 608 3057 esse
623 3002 773 3059 momenti
788 3002 951 3066 videretur.
967 3001 1120 3076 Quaeuam
1135 3002 1231 3082 igitur
1246 3000 1299 3060 uti·
1339 3059 1340 3065 ,

258 3082 319 3142 lior
329 3083 420 3143 lectio
432 3086 559 3165 reperiri
571 3099 687 3166 potest,
700 3109 795 3170 quam
808 3088 872 3171 ejus
882 3091 1030 3165 auctoris,
1042 3091 1075 3150 in
1088 3109 1153 3170 quo
1166 3089 1248 3150 nihil
1260 3098 1298 3148 est
1337 3093 1339 3162 l

258 3173 403 3247 omnino,
422 3173 507 3253 quod
522 3174 703 3255 reprebendi
722 3181 832 3257 possim
845 3193 879 3240 et
892 3183 925 3240 in
942 3201 1005 3260 quo
1022 3181 1223 3243 scientiarum
1239 3201 1298 3240 om·
1336 3167 1338 3238 l

257 3261 346 3319 nium
359 3265 449 3342 quasi
466 3263 586 3324 lumina
599 3267 743 3347 quasdam
758 3269 984 3351 fulgentissima
996 3268 1175 3351 splendent.
1188 3295 1201 3326 n
1220 3267 1297 3344 Quid

257 3346 317 3409 hoc
331 3350 433 3432 elogio
452 3353 614 3433 grandius,
634 3371 665 3416 et
682 3361 714 3417 in
733 3358 857 3420 laudem
868 3359 991 3440 Virgilii
1011 3358 1234 3422 excellentius?
1247 3355 1297 3418 Sed

257 3441 408 3518 quoniam
430 3442 598 3503 utilitatem
617 3445 799 3527 Virgilianae
820 3449 960 3508 lectionis
981 3451 1113 3508 rimatur
1139 3469 1175 3509 ex
1197 3447 1297 3518 rebus,

256 3545 326 3603 quae
341 3527 514 3588 utilissimae
533 3535 660 3613 cognitu
679 3537 711 3592 in
722 3536 856 3618 Virgilio
875 3547 961 3611 sunt,
984 3537 1178 3616 subjungam
1198 3536 1237 3596 de
1255 3535 1297 3594 his

258 3613 335 3692 ipsis
354 3610 448 3671 rebus
467 3615 601 3678 aliorum
616 3624 803 3683 testimonia.
822 3625 866 3683 Ex
878 3624 1041 3684 Macrobio
1057 3625 1114 3682 ista
1129 3622 1296 3684 convulsim

259 3701 317 3759 (10²
330 3703 374 3759 ait
393 3700 446 3762 lib·
462 3705 494 3764 l:
509 3711 621 3770 «estin
634 3731 671 3772 eo
684 3713 857 3788 recondita,
871 3729 963 3796 atque
977 3727 1085 3798 operta
1097 3716 1211 3776 veteris
1226 3715 1296 3772 ritus

259 3785 460 3866 significatio:
477 3809 522 3853 est
538 3797 825 3860 observantissimus
842 3801 1081 3862 definitionum:
1096 3815 1141 3862 est
1153 3803 1188 3862 in
1205 3822 1241 3860 eo
1255 3821 1294 3861 sa·

260 3896 347 3941 crum
369 3897 491 3954 poema,
512 3887 615 3943 arcani
635 3909 772 3949 sensus„
794 3888 861 3948 Lib.
876 3913 947 3950 vero
967 3891 1026 3950 Ill:
1044 3916 1057 3945 a
1068 3892 1203 3972 reperies
1222 3906 1294 3969 saepe

258 3960 448 4043 profundam
467 3971 625 4030 scientiam
645 3974 738 4055 hujus
760 3993 858 4058 pocta
879 3981 909 4038 in
932 3982 1023 4039 unico
1043 3993 1167 4038 tanturn
1190 3977 1292 4046 verbo,

260 4049 345 4131 quod
365 4052 498 4114 fortuito
516 4059 633 4120 dictam
653 4064 764 4143 vulgus
781 4081 879 4150 putat.
891 4093 905 4126 n
919 4068 1035 4128 Probat
1052 4066 1114 4130 boc
1127 4067 1190 4128 late
1204 4068 1290 4127 Mser.
