<?xml version="1.0" encoding="UTF-8"?>
<!DOCTYPE html PUBLIC "-//W3C//DTD XHTML 1.0 Transitional//EN"
    "http://www.w3.org/TR/xhtml1/DTD/xhtml1-transitional.dtd">
<html xmlns="http://www.w3.org/1999/xhtml" xml:lang="en" lang="en">
 <head>
  <title>
</title>
<meta http-equiv="Content-Type" content="text/html;charset=utf-8" />
  <meta name='ocr-system' content='tesseract 3.04.00' />
  <meta name='ocr-capabilities' content='ocr_page ocr_carea ocr_par ocr_line ocrx_word'/>
</head>
<body>
  <div class='ocr_page' id='page_1' title='image "./pvirgiliusmaroq06barbgoog_0248.png"; bbox 0 0 2720 4588; ppageno 0'>
   <div class='ocr_carea' id='block_1_1' title="bbox 247 333 960 416">
    <p class='ocr_par' dir='ltr' id='par_1_1' title="bbox 247 333 960 416">
     <span class='ocr_line' id='line_1_1' title="bbox 247 333 960 416; baseline 0.018 -19"><span class='ocrx_word' id='word_1_1' title='bbox 247 333 311 416; x_wconf 70' lang='lat'><strong>234</strong></span> <span class='ocrx_word' id='word_1_2' title='bbox 578 342 960 410; x_wconf 69' lang='lat' dir='ltr'><strong>caunensium</strong></span> 
     </span>
    </p>
   </div>
   <div class='ocr_carea' id='block_1_2' title="bbox 245 463 1354 1002">
    <p class='ocr_par' dir='ltr' id='par_1_2' title="bbox 245 463 1354 1002">
     <span class='ocr_line' id='line_1_2' title="bbox 245 463 1354 554; baseline 0.022 -40"><span class='ocrx_word' id='word_1_3' title='bbox 245 467 369 518; x_wconf 81' lang='lat' dir='ltr'><strong>tautum</strong></span> <span class='ocrx_word' id='word_1_4' title='bbox 378 463 588 540; x_wconf 81' lang='lat' dir='ltr'><strong>aitoecidisse3</strong></span> <span class='ocrx_word' id='word_1_5' title='bbox 601 465 671 526; x_wconf 90' lang='lat' dir='ltr'><strong>ideo</strong></span> <span class='ocrx_word' id='word_1_6' title='bbox 680 467 800 543; x_wconf 83' lang='lat' dir='ltr'><strong>occidis,</strong></span> <span class='ocrx_word' id='word_1_7' title='bbox 810 489 873 550; x_wconf 90' lang='lat' dir='ltr'><strong>quo</strong></span> <span class='ocrx_word' id='word_1_8' title='bbox 886 491 933 530; x_wconf 88' lang='lat' dir='ltr'><strong>res</strong></span> <span class='ocrx_word' id='word_1_9' title='bbox 946 467 982 530; x_wconf 83' lang='lat' dir='ltr'><strong>fit</strong></span> <span class='ocrx_word' id='word_1_10' title='bbox 992 481 1183 554; x_wconf 72' lang='grc' dir='ltr'>τραγικωτάτηι</span> <span class='ocrx_word' id='word_1_11' title='bbox 1197 475 1290 536; x_wconf 81' lang='lat' dir='ltr'><strong>affec·</strong></span> <span class='ocrx_word' id='word_1_12' title='bbox 1349 529 1354 550; x_wconf 78' lang='grc'>,</span> 
     </span>
     <span class='ocr_line' id='line_1_3' title="bbox 246 555 1288 643; baseline 0.022 -41"><span class='ocrx_word' id='word_1_13' title='bbox 246 555 294 604; x_wconf 81' lang='lat' dir='ltr'><strong>tus</strong></span> <span class='ocrx_word' id='word_1_14' title='bbox 309 567 381 607; x_wconf 79' lang='lat' dir='ltr'><strong>vero</strong></span> <span class='ocrx_word' id='word_1_15' title='bbox 394 567 585 614; x_wconf 85' lang='lat' dir='ltr'><strong>moventura</strong></span> <span class='ocrx_word' id='word_1_16' title='bbox 598 555 681 628; x_wconf 90' lang='lat' dir='ltr'><strong>loco,</strong></span> <span class='ocrx_word' id='word_1_17' title='bbox 695 557 728 614; x_wconf 90' lang='lat' dir='ltr'><strong>in</strong></span> <span class='ocrx_word' id='word_1_18' title='bbox 745 577 808 637; x_wconf 90' lang='lat' dir='ltr'><strong>quo</strong></span> <span class='ocrx_word' id='word_1_19' title='bbox 823 571 928 633; x_wconf 82' lang='lat' dir='ltr'><strong>natus3</strong></span> <span class='ocrx_word' id='word_1_20' title='bbox 942 582 959 620; x_wconf 92' lang='lat' dir='ltr'><strong>a</strong></span> <span class='ocrx_word' id='word_1_21' title='bbox 974 560 1058 637; x_wconf 85' lang='lat' dir='ltr'><strong>locu,</strong></span> <span class='ocrx_word' id='word_1_22' title='bbox 1071 565 1104 622; x_wconf 91' lang='lat' dir='ltr'><strong>iu</strong></span> <span class='ocrx_word' id='word_1_23' title='bbox 1121 584 1185 643; x_wconf 94' lang='lat' dir='ltr'><strong>quo</strong></span> <span class='ocrx_word' id='word_1_24' title='bbox 1199 586 1288 624; x_wconf 91' lang='lat' dir='ltr'><strong>mor·</strong></span> 
     </span>
     <span class='ocr_line' id='line_1_4' title="bbox 245 637 1290 734; baseline 0.02 -44"><span class='ocrx_word' id='word_1_25' title='bbox 245 643 316 693; x_wconf 84' lang='lat' dir='ltr'><strong>tuus</strong></span> <span class='ocrx_word' id='word_1_26' title='bbox 331 656 337 692; x_wconf 96' lang='lat'><strong>:</strong></span> <span class='ocrx_word' id='word_1_27' title='bbox 354 637 407 696; x_wconf 82' lang='lat' dir='ltr'><strong>sed</strong></span> <span class='ocrx_word' id='word_1_28' title='bbox 427 641 457 698; x_wconf 89' lang='lat' dir='ltr'><strong>in</strong></span> <span class='ocrx_word' id='word_1_29' title='bbox 477 639 536 701; x_wconf 86' lang='lat' dir='ltr'><strong>hac</strong></span> <span class='ocrx_word' id='word_1_30' title='bbox 552 661 584 701; x_wconf 91' lang='lat' dir='ltr'><strong>re</strong></span> <span class='ocrx_word' id='word_1_31' title='bbox 598 641 756 703; x_wconf 83' lang='lat' dir='ltr'><strong>efferenda</strong></span> <span class='ocrx_word' id='word_1_32' title='bbox 772 660 848 726; x_wconf 87' lang='lat' dir='ltr'><strong>quot</strong></span> <span class='ocrx_word' id='word_1_33' title='bbox 860 646 993 728; x_wconf 83' lang='lat' dir='ltr'><strong>lepores!</strong></span> <span class='ocrx_word' id='word_1_34' title='bbox 1009 649 1142 712; x_wconf 78' lang='lat' dir='ltr'><strong>viderunt</strong></span> <span class='ocrx_word' id='word_1_35' title='bbox 1157 655 1290 734; x_wconf 84' lang='lat' dir='ltr'><strong>tecumpi</strong></span> 
     </span>
     <span class='ocr_line' id='line_1_5' title="bbox 245 719 1290 821; baseline 0.02 -44"><span class='ocrx_word' id='word_1_36' title='bbox 245 719 401 784; x_wconf 70' lang='lat' dir='ltr'><strong><em>Laurentes</em></strong></span> <span class='ocrx_word' id='word_1_37' title='bbox 414 741 556 809; x_wconf 84' lang='lat' dir='ltr'><strong>oppetere3</strong></span> <span class='ocrx_word' id='word_1_38' title='bbox 568 744 598 790; x_wconf 88' lang='lat' dir='ltr'><strong>et</strong></span> <span class='ocrx_word' id='word_1_39' title='bbox 609 729 656 790; x_wconf 81' lang='lat' dir='ltr'><strong>lu&#39;c</strong></span> <span class='ocrx_word' id='word_1_40' title='bbox 667 731 718 792; x_wconf 82' lang='lat' dir='ltr'><strong>tibi</strong></span> <span class='ocrx_word' id='word_1_41' title='bbox 729 736 828 793; x_wconf 81' lang='lat' dir='ltr'><strong>mortis</strong></span> <span class='ocrx_word' id='word_1_42' title='bbox 837 749 921 796; x_wconf 79' lang='lat' dir='ltr'><strong>erant</strong></span> <span class='ocrx_word' id='word_1_43' title='bbox 929 749 1026 812; x_wconf 84' lang='lat' dir='ltr'><strong>metoe,</strong></span> <span class='ocrx_word' id='word_1_44' title='bbox 1038 757 1135 819; x_wconf 89' lang='lat' dir='ltr'><strong>quum</strong></span> <span class='ocrx_word' id='word_1_45' title='bbox 1147 739 1205 820; x_wconf 70' lang='lat' dir='ltr'><strong>tibi</strong></span> <span class='ocrx_word' id='word_1_46' title='bbox 1217 743 1290 821; x_wconf 83' lang='lat' dir='ltr'><strong>Lyr-</strong></span> 
     </span>
     <span class='ocr_line' id='line_1_6' title="bbox 245 809 1290 1002; baseline 0.021 -137"><span class='ocrx_word' id='word_1_47' title='bbox 245 811 320 868; x_wconf 83' lang='lat' dir='ltr'><strong>nessi</strong></span> <span class='ocrx_word' id='word_1_48' title='bbox 338 809 459 890; x_wconf 83' lang='lat' dir='ltr'><strong>fuisset,</strong></span> <span class='ocrx_word' id='word_1_49' title='bbox 472 831 501 876; x_wconf 88' lang='lat' dir='ltr'><strong>et</strong></span> <span class='ocrx_word' id='word_1_50' title='bbox 518 819 570 880; x_wconf 82' lang='lat' dir='ltr'><strong>sub</strong></span> <span class='ocrx_word' id='word_1_51' title='bbox 581 818 636 880; x_wconf 82' lang='lat' dir='ltr'><strong>Ida</strong></span> <span class='ocrx_word' id='word_1_52' title='bbox 649 819 753 880; x_wconf 81' lang='lat' dir='ltr'><strong>domus</strong></span> <span class='ocrx_word' id='word_1_53' title='bbox 766 820 840 897; x_wconf 85' lang='lat' dir='ltr'><strong>alta,</strong></span> <span class='ocrx_word' id='word_1_54' title='bbox 856 837 887 882; x_wconf 90' lang='lat' dir='ltr'><strong>et</strong></span> <span class='ocrx_word' id='word_1_55' title='bbox 898 825 1036 904; x_wconf 77' lang='lat' dir='ltr'><strong>geminat</strong></span> <span class='ocrx_word' id='word_1_56' title='bbox 1050 825 1152 887; x_wconf 82' lang='lat' dir='ltr'><strong>domus·</strong></span> <span class='ocrx_word' id='word_1_57' title='bbox 1162 826 1240 1002; x_wconf 68' lang='lat' dir='ltr'><strong>ultg,</strong></span> <span class='ocrx_word' id='word_1_58' title='bbox 1255 840 1290 886; x_wconf 92' lang='lat' dir='ltr'><strong>ut</strong></span> 
     </span>
    </p>
   </div>
   <div class='ocr_carea' id='block_1_3' title="bbox 240 900 1294 3016">
    <p class='ocr_par' dir='ltr' id='par_1_3' title="bbox 243 900 1291 1611">
     <span class='ocr_line' id='line_1_7' title="bbox 245 900 1289 994; baseline 0.024 -43"><span class='ocrx_word' id='word_1_59' title='bbox 245 911 282 952; x_wconf 84' lang='lat' dir='ltr'><strong>ex</strong></span> <span class='ocrx_word' id='word_1_60' title='bbox 299 900 509 975; x_wconf 79' lang='lat' dir='ltr'><strong>geminatione</strong></span> <span class='ocrx_word' id='word_1_61' title='bbox 526 921 670 988; x_wconf 76' lang='lat' dir='ltr'><strong>exsurgat</strong></span> <span class='ocrx_word' id='word_1_62' title='bbox 688 906 789 988; x_wconf 85' lang='lat' dir='ltr'><strong>major</strong></span> <span class='ocrx_word' id='word_1_63' title='bbox 800 914 985 992; x_wconf 83' lang='lat' dir='ltr'><strong>conquestio</strong></span> <span class='ocrx_word' id='word_1_64' title='bbox 1003 914 1199 994; x_wconf 81' lang='lat' dir='ltr'><strong>obsequenti</strong></span> <span class='ocrx_word' id='word_1_65' title='bbox 1236 931 1289 987; x_wconf 82' lang='lat' dir='ltr'><strong>oc,</strong></span> 
     </span>
     <span class='ocr_line' id='line_1_8' title="bbox 244 979 1289 1081; baseline 0.023 -41"><span class='ocrx_word' id='word_1_66' title='bbox 244 979 306 1043; x_wconf 86' lang='lat' dir='ltr'><strong>solo</strong></span> <span class='ocrx_word' id='word_1_67' title='bbox 315 987 457 1052; x_wconf 79' lang='lat' dir='ltr'><strong>Laurente</strong></span> <span class='ocrx_word' id='word_1_68' title='bbox 467 993 640 1076; x_wconf 78' lang='lat' dir='ltr'><strong>sepulcrum.</strong></span> <span class='ocrx_word' id='word_1_69' title='bbox 653 996 730 1057; x_wconf 87' lang='lat' dir='ltr'><strong>Vide</strong></span> <span class='ocrx_word' id='word_1_70' title='bbox 743 1001 826 1059; x_wconf 88' lang='lat' dir='ltr'><strong>onim</strong></span> <span class='ocrx_word' id='word_1_71' title='bbox 841 1013 994 1081; x_wconf 85' lang='lat' dir='ltr'><strong>quantum</strong></span> <span class='ocrx_word' id='word_1_72' title='bbox 1009 1005 1128 1063; x_wconf 85' lang='lat' dir='ltr'><strong>intersit</strong></span> <span class='ocrx_word' id='word_1_73' title='bbox 1143 1005 1228 1063; x_wconf 70' lang='lat' dir='ltr'><strong>inter</strong></span> <span class='ocrx_word' id='word_1_74' title='bbox 1239 1003 1289 1062; x_wconf 79' lang='lat' dir='ltr'><strong>do-</strong></span> 
     </span>
     <span class='ocr_line' id='line_1_9' title="bbox 245 1073 1291 1168; baseline 0.022 -41"><span class='ocrx_word' id='word_1_75' title='bbox 245 1089 326 1130; x_wconf 88' lang='lat' dir='ltr'><strong>mum</strong></span> <span class='ocrx_word' id='word_1_76' title='bbox 345 1073 450 1153; x_wconf 86' lang='lat' dir='ltr'><strong>ultam,</strong></span> <span class='ocrx_word' id='word_1_77' title='bbox 467 1095 496 1140; x_wconf 91' lang='lat' dir='ltr'><strong>et</strong></span> <span class='ocrx_word' id='word_1_78' title='bbox 506 1081 669 1164; x_wconf 82' lang='lat' dir='ltr'><strong>sepulcrum</strong></span> <span class='ocrx_word' id='word_1_79' title='bbox 681 1085 766 1164; x_wconf 87' lang='lat' dir='ltr'><strong>quod</strong></span> <span class='ocrx_word' id='word_1_80' title='bbox 779 1088 813 1146; x_wconf 90' lang='lat' dir='ltr'><strong>in</strong></span> <span class='ocrx_word' id='word_1_81' title='bbox 824 1087 919 1168; x_wconf 85' lang='lat' dir='ltr'><strong>pleno</strong></span> <span class='ocrx_word' id='word_1_82' title='bbox 931 1085 1007 1162; x_wconf 87' lang='lat' dir='ltr'><strong>solo,</strong></span> <span class='ocrx_word' id='word_1_83' title='bbox 1017 1104 1046 1147; x_wconf 88' lang='lat' dir='ltr'><strong>et</strong></span> <span class='ocrx_word' id='word_1_84' title='bbox 1058 1087 1188 1149; x_wconf 90' lang='lat' dir='ltr'><strong>humili:</strong></span> <span class='ocrx_word' id='word_1_85' title='bbox 1203 1089 1291 1150; x_wconf 79' lang='lat' dir='ltr'><strong>deiu-</strong></span> 
     </span>
     <span class='ocr_line' id='line_1_10' title="bbox 244 1155 1288 1253; baseline 0.018 -37"><span class='ocrx_word' id='word_1_86' title='bbox 244 1155 283 1218; x_wconf 82' lang='lat' dir='ltr'><strong>de</strong></span> <span class='ocrx_word' id='word_1_87' title='bbox 295 1179 438 1227; x_wconf 83' lang='lat' dir='ltr'><strong>movetur</strong></span> <span class='ocrx_word' id='word_1_88' title='bbox 447 1168 827 1253; x_wconf 83' lang='lat' dir='ltr'><strong>affectusamagnitudiue</strong></span> <span class='ocrx_word' id='word_1_89' title='bbox 835 1174 987 1248; x_wconf 74' lang='lat' dir='ltr'><strong>hominis,</strong></span> <span class='ocrx_word' id='word_1_90' title='bbox 998 1173 1070 1234; x_wconf 87' lang='lat' dir='ltr'><strong>ideo</strong></span> <span class='ocrx_word' id='word_1_91' title='bbox 1079 1175 1172 1238; x_wconf 77' lang='lat' dir='ltr'><strong>atlete</strong></span> <span class='ocrx_word' id='word_1_92' title='bbox 1183 1191 1288 1238; x_wconf 85' lang='lat' dir='ltr'><strong>terram</strong></span> 
     </span>
     <span class='ocr_line' id='line_1_11' title="bbox 244 1259 1291 1346; baseline 0.02 -42"><span class='ocrx_word' id='word_1_93' title='bbox 244 1262 424 1314; x_wconf 83' lang='lat' dir='ltr'><strong>constemere</strong></span> <span class='ocrx_word' id='word_1_94' title='bbox 445 1271 547 1340; x_wconf 65' lang='lat' dir='ltr'><strong>tergo:</strong></span> <span class='ocrx_word' id='word_1_95' title='bbox 567 1263 657 1320; x_wconf 89' lang='lat' dir='ltr'><strong>tertio</strong></span> <span class='ocrx_word' id='word_1_96' title='bbox 677 1283 695 1322; x_wconf 87' lang='lat' dir='ltr'><strong>a</strong></span> <span class='ocrx_word' id='word_1_97' title='bbox 712 1259 899 1322; x_wconf 84' lang='lat' dir='ltr'><strong>fortitudine</strong></span> <span class='ocrx_word' id='word_1_98' title='bbox 912 1261 1065 1336; x_wconf 88' lang='lat' dir='ltr'><strong>hominis;</strong></span> <span class='ocrx_word' id='word_1_99' title='bbox 1083 1264 1153 1324; x_wconf 85' lang='lat' dir='ltr'><strong>ideo</strong></span> <span class='ocrx_word' id='word_1_100' title='bbox 1171 1267 1291 1346; x_wconf 65' lang='lat' dir='ltr'><strong>Argiva</strong></span> 
     </span>
     <span class='ocr_line' id='line_1_12' title="bbox 243 1347 1291 1433; baseline 0.01 -34"><span class='ocrx_word' id='word_1_101' title='bbox 243 1355 329 1414; x_wconf 76' lang='lat' dir='ltr'><strong>quem</strong></span> <span class='ocrx_word' id='word_1_102' title='bbox 352 1361 413 1402; x_wconf 85' lang='lat' dir='ltr'><strong>non</strong></span> <span class='ocrx_word' id='word_1_103' title='bbox 426 1360 543 1426; x_wconf 79' lang='lat' dir='ltr'><strong>potuere</strong></span> <span class='ocrx_word' id='word_1_104' title='bbox 564 1347 725 1432; x_wconf 71' lang='lat' dir='ltr'><strong>phalanges</strong></span> <span class='ocrx_word' id='word_1_105' title='bbox 747 1359 888 1425; x_wconf 82' lang='lat' dir='ltr'><strong>sternere,</strong></span> <span class='ocrx_word' id='word_1_106' title='bbox 909 1369 965 1409; x_wconf 88' lang='lat' dir='ltr'><strong>nec</strong></span> <span class='ocrx_word' id='word_1_107' title='bbox 984 1351 1056 1409; x_wconf 86' lang='lat' dir='ltr'><strong>totis</strong></span> <span class='ocrx_word' id='word_1_108' title='bbox 1075 1349 1291 1433; x_wconf 81' lang='lat' dir='ltr'><strong>phalangibus</strong></span> 
     </span>
     <span class='ocr_line' id='line_1_13' title="bbox 243 1421 1290 1522; baseline 0.018 -42"><span class='ocrx_word' id='word_1_109' title='bbox 243 1421 376 1488; x_wconf 73' lang='lat' dir='ltr'><strong>Achilles</strong></span> <span class='ocrx_word' id='word_1_110' title='bbox 387 1431 501 1513; x_wconf 78' lang='lat' dir='ltr'><strong>major3</strong></span> <span class='ocrx_word' id='word_1_111' title='bbox 514 1457 587 1496; x_wconf 86' lang='lat' dir='ltr'><strong>nam</strong></span> <span class='ocrx_word' id='word_1_112' title='bbox 599 1459 712 1498; x_wconf 72' lang='lat' dir='ltr'><strong>eonem</strong></span> <span class='ocrx_word' id='word_1_113' title='bbox 723 1441 889 1522; x_wconf 71' lang='lat' dir='ltr'><strong>Regnorum</strong></span> <span class='ocrx_word' id='word_1_114' title='bbox 898 1439 1030 1500; x_wconf 79' lang='lat' dir='ltr'><strong>Priami:</strong></span> <span class='ocrx_word' id='word_1_115' title='bbox 1042 1439 1147 1520; x_wconf 81' lang='lat' dir='ltr'><strong>itaque</strong></span> <span class='ocrx_word' id='word_1_116' title='bbox 1158 1441 1183 1498; x_wconf 86' lang='lat' dir='ltr'><strong>is</strong></span> <span class='ocrx_word' id='word_1_117' title='bbox 1192 1439 1290 1513; x_wconf 85' lang='lat' dir='ltr'><strong>cadit,</strong></span> 
     </span>
     <span class='ocr_line' id='line_1_14' title="bbox 244 1515 1220 1611; baseline 0.016 -40"><span class='ocrx_word' id='word_1_118' title='bbox 244 1515 297 1591; x_wconf 90' lang='lat' dir='ltr'><strong>qui</strong></span> <span class='ocrx_word' id='word_1_119' title='bbox 313 1515 530 1585; x_wconf 85' lang='lat' dir='ltr'><strong>formidandus</strong></span> <span class='ocrx_word' id='word_1_120' title='bbox 544 1528 761 1609; x_wconf 82' lang='lat' dir='ltr'><strong>magnitudine</strong></span> <span class='ocrx_word' id='word_1_121' title='bbox 772 1531 926 1611; x_wconf 86' lang='lat' dir='ltr'><strong>corporis,</strong></span> <span class='ocrx_word' id='word_1_122' title='bbox 940 1543 971 1588; x_wconf 87' lang='lat' dir='ltr'><strong>et</strong></span> <span class='ocrx_word' id='word_1_123' title='bbox 983 1529 1098 1587; x_wconf 74' lang='lat' dir='ltr'><strong>virtute</strong></span> <span class='ocrx_word' id='word_1_124' title='bbox 1112 1529 1220 1587; x_wconf 88' lang='lat' dir='ltr'><strong>animi.</strong></span> 
     </span>
    </p>

    <p class='ocr_par' dir='ltr' id='par_1_4' title="bbox 240 1601 1293 2395">
     <span class='ocr_line' id='line_1_15' title="bbox 285 1601 1291 1700; baseline 0.009 -32"><span class='ocrx_word' id='word_1_125' title='bbox 285 1601 352 1680; x_wconf 73' lang='grc'><strong>548.</strong></span> <span class='ocrx_word' id='word_1_126' title='bbox 371 1608 420 1670; x_wconf 77' lang='grc' dir='ltr'><strong>ΔΙ)</strong></span> <span class='ocrx_word' id='word_1_127' title='bbox 442 1615 650 1696; x_wconf 81' lang='lat' dir='ltr'><strong>peculiaribus</strong></span> <span class='ocrx_word' id='word_1_128' title='bbox 673 1620 887 1700; x_wconf 83' lang='lat' dir='ltr'><strong>congressibus</strong></span> <span class='ocrx_word' id='word_1_129' title='bbox 910 1619 1022 1678; x_wconf 77' lang='lat' dir='ltr'><strong>transit</strong></span> <span class='ocrx_word' id='word_1_130' title='bbox 1049 1615 1088 1676; x_wconf 85' lang='lat' dir='ltr'><strong>ad</strong></span> <span class='ocrx_word' id='word_1_131' title='bbox 1114 1617 1291 1676; x_wconf 81' lang='lat' dir='ltr'><strong>universam</strong></span> 
     </span>
     <span class='ocr_line' id='line_1_16' title="bbox 246 1693 1293 1788; baseline 0.017 -39"><span class='ocrx_word' id='word_1_132' title='bbox 246 1693 359 1787; x_wconf 70' lang='lat' dir='ltr'><strong>aciem,</strong></span> <span class='ocrx_word' id='word_1_133' title='bbox 370 1719 439 1779; x_wconf 85' lang='lat' dir='ltr'><strong>quae</strong></span> <span class='ocrx_word' id='word_1_134' title='bbox 451 1705 608 1786; x_wconf 88' lang='lat' dir='ltr'><strong>implicata</strong></span> <span class='ocrx_word' id='word_1_135' title='bbox 621 1729 628 1766; x_wconf 92' lang='lat'><strong>:</strong></span> <span class='ocrx_word' id='word_1_136' title='bbox 642 1727 714 1766; x_wconf 84' lang='lat' dir='ltr'><strong>narn</strong></span> <span class='ocrx_word' id='word_1_137' title='bbox 724 1707 798 1768; x_wconf 90' lang='lat' dir='ltr'><strong>hinc</strong></span> <span class='ocrx_word' id='word_1_138' title='bbox 810 1711 928 1784; x_wconf 80' lang='lat' dir='ltr'><strong>Latini3</strong></span> <span class='ocrx_word' id='word_1_139' title='bbox 940 1708 1014 1768; x_wconf 88' lang='lat' dir='ltr'><strong>inde</strong></span> <span class='ocrx_word' id='word_1_140' title='bbox 1023 1705 1165 1788; x_wconf 81' lang='lat' dir='ltr'><strong>Trojani,</strong></span> <span class='ocrx_word' id='word_1_141' title='bbox 1176 1719 1208 1766; x_wconf 88' lang='lat' dir='ltr'><strong>et</strong></span> <span class='ocrx_word' id='word_1_142' title='bbox 1217 1705 1293 1766; x_wconf 85' lang='lat' dir='ltr'><strong>Tro·</strong></span> 
     </span>
     <span class='ocr_line' id='line_1_17' title="bbox 240 1792 1293 1870; baseline 0.016 -35"><span class='ocrx_word' id='word_1_143' title='bbox 240 1798 389 1856; x_wconf 82' lang='lat' dir='ltr'><strong>Janorum</strong></span> <span class='ocrx_word' id='word_1_144' title='bbox 402 1793 478 1850; x_wconf 89' lang='lat' dir='ltr'><strong>socii</strong></span> <span class='ocrx_word' id='word_1_145' title='bbox 493 1792 620 1870; x_wconf 90' lang='lat' dir='ltr'><strong>Thusci,</strong></span> <span class='ocrx_word' id='word_1_146' title='bbox 640 1809 671 1855; x_wconf 85' lang='lat' dir='ltr'><strong>et</strong></span> <span class='ocrx_word' id='word_1_147' title='bbox 685 1796 815 1856; x_wconf 85' lang='lat' dir='ltr'><strong>Arcades</strong></span> <span class='ocrx_word' id='word_1_148' title='bbox 829 1799 861 1856; x_wconf 91' lang='lat' dir='ltr'><strong>in</strong></span> <span class='ocrx_word' id='word_1_149' title='bbox 881 1815 980 1856; x_wconf 90' lang='lat' dir='ltr'><strong>unum</strong></span> <span class='ocrx_word' id='word_1_150' title='bbox 1000 1805 1215 1855; x_wconf 88' lang='lat' dir='ltr'><strong>concurrunt:</strong></span> <span class='ocrx_word' id='word_1_151' title='bbox 1236 1815 1293 1852; x_wconf 90' lang='lat' dir='ltr'><strong>nu-</strong></span> 
     </span>
     <span class='ocr_line' id='line_1_18' title="bbox 243 1875 1293 1966; baseline 0.016 -43"><span class='ocrx_word' id='word_1_152' title='bbox 243 1875 440 1935; x_wconf 82' lang='lat' dir='ltr'><strong>meratetiem</strong></span> <span class='ocrx_word' id='word_1_153' title='bbox 455 1878 734 1963; x_wconf 79' lang='lat' dir='ltr'><strong>duotores‘aliquot</strong></span> <span class='ocrx_word' id='word_1_154' title='bbox 743 1885 914 1966; x_wconf 77' lang='lat' dir='ltr'><strong>Principes,</strong></span> <span class='ocrx_word' id='word_1_155' title='bbox 925 1882 1070 1944; x_wconf 82' lang='lat' dir='ltr'><strong>videlicet</strong></span> <span class='ocrx_word' id='word_1_156' title='bbox 1078 1879 1293 1955; x_wconf 86' lang='lat' dir='ltr'><strong>Mnestheum,</strong></span> 
     </span>
     <span class='ocr_line' id='line_1_19' title="bbox 244 1954 1293 2054; baseline 0.016 -42"><span class='ocrx_word' id='word_1_157' title='bbox 244 1954 411 2038; x_wconf 83' lang='lat' dir='ltr'><strong>Serestum,</strong></span> <span class='ocrx_word' id='word_1_158' title='bbox 425 1967 562 2048; x_wconf 79' lang='lat' dir='ltr'><strong>Asylum,</strong></span> <span class='ocrx_word' id='word_1_159' title='bbox 578 1975 631 2053; x_wconf 88' lang='lat' dir='ltr'><strong>qui</strong></span> <span class='ocrx_word' id='word_1_160' title='bbox 644 1993 679 2031; x_wconf 86' lang='lat' dir='ltr'><strong>ex</strong></span> <span class='ocrx_word' id='word_1_161' title='bbox 691 1974 754 2032; x_wconf 84' lang='lat' dir='ltr'><strong>acie</strong></span> <span class='ocrx_word' id='word_1_162' title='bbox 768 1973 887 2034; x_wconf 82' lang='lat' dir='ltr'><strong>AEneae:</strong></span> <span class='ocrx_word' id='word_1_163' title='bbox 901 1973 1094 2054; x_wconf 85' lang='lat' dir='ltr'><strong>Messapum,</strong></span> <span class='ocrx_word' id='word_1_164' title='bbox 1107 1971 1161 2052; x_wconf 89' lang='lat' dir='ltr'><strong>qui</strong></span> <span class='ocrx_word' id='word_1_165' title='bbox 1177 1973 1220 2030; x_wconf 85' lang='lat' dir='ltr'><strong>ex&#39;</strong></span> <span class='ocrx_word' id='word_1_166' title='bbox 1229 1971 1293 2030; x_wconf 86' lang='lat' dir='ltr'><strong>acie</strong></span> 
     </span>
     <span class='ocr_line' id='line_1_20' title="bbox 243 2041 1293 2146; baseline 0.02 -47"><span class='ocrx_word' id='word_1_167' title='bbox 243 2041 351 2105; x_wconf 84' lang='lat' dir='ltr'><strong>Turni.</strong></span> <span class='ocrx_word' id='word_1_168' title='bbox 366 2050 407 2110; x_wconf 87' lang='lat' dir='ltr'><strong>Hi</strong></span> <span class='ocrx_word' id='word_1_169' title='bbox 421 2073 529 2118; x_wconf 88' lang='lat' dir='ltr'><strong>omnes</strong></span> <span class='ocrx_word' id='word_1_170' title='bbox 548 2064 635 2121; x_wconf 91' lang='lat' dir='ltr'><strong>omni</strong></span> <span class='ocrx_word' id='word_1_171' title='bbox 653 2083 812 2135; x_wconf 82' lang='lat' dir='ltr'><strong>armorum</strong></span> <span class='ocrx_word' id='word_1_172' title='bbox 829 2083 954 2146; x_wconf 86' lang='lat' dir='ltr'><strong>genere,</strong></span> <span class='ocrx_word' id='word_1_173' title='bbox 969 2067 1057 2124; x_wconf 87' lang='lat' dir='ltr'><strong>omni</strong></span> <span class='ocrx_word' id='word_1_174' title='bbox 1075 2076 1206 2138; x_wconf 82' lang='lat' dir='ltr'><strong>conatu,</strong></span> <span class='ocrx_word' id='word_1_175' title='bbox 1227 2079 1293 2120; x_wconf 90' lang='lat' dir='ltr'><strong>non</strong></span> 
     </span>
     <span class='ocr_line' id='line_1_21' title="bbox 243 2136 1292 2238; baseline 0.021 -50"><span class='ocrx_word' id='word_1_176' title='bbox 243 2141 307 2192; x_wconf 84' lang='lat' dir='ltr'><strong>tam</strong></span> <span class='ocrx_word' id='word_1_177' title='bbox 323 2136 520 2225; x_wconf 85' lang='lat' dir='ltr'><strong>imperitant,</strong></span> <span class='ocrx_word' id='word_1_178' title='bbox 533 2171 626 2232; x_wconf 90' lang='lat' dir='ltr'><strong>quam</strong></span> <span class='ocrx_word' id='word_1_179' title='bbox 639 2167 782 2234; x_wconf 85' lang='lat' dir='ltr'><strong>pugnant</strong></span> <span class='ocrx_word' id='word_1_180' title='bbox 796 2175 892 2236; x_wconf 86' lang='lat' dir='ltr'><strong>prose</strong></span> <span class='ocrx_word' id='word_1_181' title='bbox 909 2157 1046 2238; x_wconf 84' lang='lat' dir='ltr'><strong>quisque:</strong></span> <span class='ocrx_word' id='word_1_182' title='bbox 1061 2151 1150 2213; x_wconf 88' lang='lat' dir='ltr'><strong>nulla</strong></span> <span class='ocrx_word' id='word_1_183' title='bbox 1164 2167 1209 2211; x_wconf 86' lang='lat' dir='ltr'><strong>cst</strong></span> <span class='ocrx_word' id='word_1_184' title='bbox 1223 2167 1292 2210; x_wconf 89' lang='lat' dir='ltr'><strong>mo-</strong></span> 
     </span>
     <span class='ocr_line' id='line_1_22' title="bbox 243 2227 1290 2327; baseline 0.002 -29"><span class='ocrx_word' id='word_1_185' title='bbox 243 2240 289 2298; x_wconf 86' lang='lat' dir='ltr'><strong>ra,</strong></span> <span class='ocrx_word' id='word_1_186' title='bbox 302 2227 389 2290; x_wconf 85' lang='lat' dir='ltr'><strong>nulla</strong></span> <span class='ocrx_word' id='word_1_187' title='bbox 406 2248 450 2296; x_wconf 88' lang='lat' dir='ltr'><strong>est</strong></span> <span class='ocrx_word' id='word_1_188' title='bbox 469 2241 606 2321; x_wconf 83' lang='lat' dir='ltr'><strong>requies3</strong></span> <span class='ocrx_word' id='word_1_189' title='bbox 625 2255 746 2302; x_wconf 84' lang='lat' dir='ltr'><strong>vastum</strong></span> <span class='ocrx_word' id='word_1_190' title='bbox 766 2257 810 2304; x_wconf 87' lang='lat' dir='ltr'><strong>est</strong></span> <span class='ocrx_word' id='word_1_191' title='bbox 829 2257 858 2304; x_wconf 88' lang='lat' dir='ltr'><strong>et</strong></span> <span class='ocrx_word' id='word_1_192' title='bbox 872 2246 982 2327; x_wconf 84' lang='lat' dir='ltr'><strong>ingens</strong></span> <span class='ocrx_word' id='word_1_193' title='bbox 997 2259 1165 2316; x_wconf 71' lang='lat' dir='ltr'><strong>certamem</strong></span> <span class='ocrx_word' id='word_1_194' title='bbox 1180 2259 1290 2301; x_wconf 82' lang='lat' dir='ltr'><strong>omnes</strong></span> 
     </span>
     <span class='ocr_line' id='line_1_23' title="bbox 245 2311 883 2395; baseline 0.041 -28"><span class='ocrx_word' id='word_1_195' title='bbox 245 2311 394 2395; x_wconf 87' lang='lat' dir='ltr'><strong>tendunt,</strong></span> <span class='ocrx_word' id='word_1_196' title='bbox 405 2335 438 2382; x_wconf 89' lang='lat' dir='ltr'><strong>et·</strong></span> <span class='ocrx_word' id='word_1_197' title='bbox 447 2329 644 2391; x_wconf 85' lang='lat' dir='ltr'><strong>contendunt</strong></span> <span class='ocrx_word' id='word_1_198' title='bbox 657 2331 695 2390; x_wconf 84' lang='lat' dir='ltr'><strong>ad</strong></span> <span class='ocrx_word' id='word_1_199' title='bbox 706 2332 883 2393; x_wconf 86' lang='lat' dir='ltr'><strong>victoriam.</strong></span> 
     </span>
    </p>

    <p class='ocr_par' dir='ltr' id='par_1_5' title="bbox 242 2398 1294 3016">
     <span class='ocr_line' id='line_1_24' title="bbox 284 2398 1294 2500; baseline 0.009 -35"><span class='ocrx_word' id='word_1_200' title='bbox 284 2398 352 2478; x_wconf 69' lang='lat'><strong>554.</strong></span> <span class='ocrx_word' id='word_1_201' title='bbox 365 2408 470 2492; x_wconf 83' lang='lat' dir='ltr'><strong>Fingit</strong></span> <span class='ocrx_word' id='word_1_202' title='bbox 484 2417 580 2477; x_wconf 85' lang='lat' dir='ltr'><strong>Poeta</strong></span> <span class='ocrx_word' id='word_1_203' title='bbox 592 2420 758 2500; x_wconf 77' lang='lat' dir='ltr'><strong>consilium</strong></span> <span class='ocrx_word' id='word_1_204' title='bbox 767 2420 950 2481; x_wconf 83' lang='lat' dir='ltr'><strong>invadendae</strong></span> <span class='ocrx_word' id='word_1_205' title='bbox 961 2413 1218 2494; x_wconf 79' lang='lat' dir='ltr'><strong>urbis,etsubito</strong></span> <span class='ocrx_word' id='word_1_206' title='bbox 1230 2429 1294 2474; x_wconf 83' lang='lat' dir='ltr'><strong>tur-</strong></span> 
     </span>
     <span class='ocr_line' id='line_1_25' title="bbox 242 2483 1291 2588; baseline 0.025 -45"><span class='ocrx_word' id='word_1_207' title='bbox 242 2483 421 2556; x_wconf 86' lang='lat' dir='ltr'><strong>bandorum</strong></span> <span class='ocrx_word' id='word_1_208' title='bbox 433 2502 565 2580; x_wconf 87' lang='lat' dir='ltr'><strong>civium,</strong></span> <span class='ocrx_word' id='word_1_209' title='bbox 578 2507 752 2588; x_wconf 83' lang='lat' dir='ltr'><strong>profectum</strong></span> <span class='ocrx_word' id='word_1_210' title='bbox 767 2529 785 2566; x_wconf 87' lang='lat' dir='ltr'><strong>a</strong></span> <span class='ocrx_word' id='word_1_211' title='bbox 799 2510 934 2584; x_wconf 85' lang='lat' dir='ltr'><strong>Venere,</strong></span> <span class='ocrx_word' id='word_1_212' title='bbox 949 2511 1088 2588; x_wconf 85' lang='lat' dir='ltr'><strong>impense</strong></span> <span class='ocrx_word' id='word_1_213' title='bbox 1101 2519 1233 2564; x_wconf 74' lang='lat' dir='ltr'><strong>curante</strong></span> <span class='ocrx_word' id='word_1_214' title='bbox 1245 2523 1291 2562; x_wconf 77' lang='lat' dir='ltr'><strong>res</strong></span> 
     </span>
     <span class='ocr_line' id='line_1_26' title="bbox 243 2575 1291 2676; baseline 0.01 -35"><span class='ocrx_word' id='word_1_215' title='bbox 243 2575 316 2653; x_wconf 79' lang='lat' dir='ltr'><strong>filii,</strong></span> <span class='ocrx_word' id='word_1_216' title='bbox 328 2595 365 2642; x_wconf 88' lang='lat' dir='ltr'><strong>ut·</strong></span> <span class='ocrx_word' id='word_1_217' title='bbox 384 2591 526 2653; x_wconf 82' lang='lat' dir='ltr'><strong>ostendat</strong></span> <span class='ocrx_word' id='word_1_218' title='bbox 541 2609 723 2676; x_wconf 86' lang='lat' dir='ltr'><strong>perpetuam</strong></span> <span class='ocrx_word' id='word_1_219' title='bbox 737 2599 877 2658; x_wconf 86' lang='lat' dir='ltr'><strong>Deorum</strong></span> <span class='ocrx_word' id='word_1_220' title='bbox 894 2594 1029 2657; x_wconf 82' lang='lat' dir='ltr'><strong>inillam</strong></span> <span class='ocrx_word' id='word_1_221' title='bbox 1043 2593 1291 2675; x_wconf 82' lang='lat' dir='ltr'><strong>indulgentium:</strong></span> 
     </span>
     <span class='ocr_line' id='line_1_27' title="bbox 245 2660 1291 2764; baseline 0.018 -37"><span class='ocrx_word' id='word_1_222' title='bbox 245 2660 318 2723; x_wconf 79' lang='lat' dir='ltr'><strong>ideo</strong></span> <span class='ocrx_word' id='word_1_223' title='bbox 333 2685 441 2748; x_wconf 84' lang='lat' dir='ltr'><strong>postea</strong></span> <span class='ocrx_word' id='word_1_224' title='bbox 455 2678 564 2739; x_wconf 80' lang='lat' dir='ltr'><strong>AEneas</strong></span> <span class='ocrx_word' id='word_1_225' title='bbox 586 2683 666 2763; x_wconf 86' lang='lat' dir='ltr'><strong>ipse,</strong></span> <span class='ocrx_word' id='word_1_226' title='bbox 681 2687 816 2764; x_wconf 81' lang='lat' dir='ltr'><strong>Juppiter</strong></span> <span class='ocrx_word' id='word_1_227' title='bbox 833 2683 889 2745; x_wconf 75' lang='lat' dir='ltr'><strong>trac</strong></span> <span class='ocrx_word' id='word_1_228' title='bbox 906 2697 971 2746; x_wconf 84' lang='lat' dir='ltr'><strong>stat.</strong></span> <span class='ocrx_word' id='word_1_229' title='bbox 993 2683 1088 2742; x_wconf 79' lang='lat' dir='ltr'><strong>Servii</strong></span> <span class='ocrx_word' id='word_1_230' title='bbox 1108 2685 1191 2740; x_wconf 84' lang='lat' dir='ltr'><strong>euim</strong></span> <span class='ocrx_word' id='word_1_231' title='bbox 1211 2683 1291 2740; x_wconf 86' lang='lat' dir='ltr'><strong>ratio</strong></span> 
     </span>
     <span class='ocr_line' id='line_1_28' title="bbox 244 2743 1293 2855; baseline 0.021 -50"><span class='ocrx_word' id='word_1_232' title='bbox 244 2743 326 2827; x_wconf 84' lang='lat' dir='ltr'><strong>haec,</strong></span> <span class='ocrx_word' id='word_1_233' title='bbox 341 2777 412 2816; x_wconf 86' lang='lat' dir='ltr'><strong>num</strong></span> <span class='ocrx_word' id='word_1_234' title='bbox 427 2763 619 2846; x_wconf 70' lang='lat' dir='ltr'><strong>incongruum</strong></span> <span class='ocrx_word' id='word_1_235' title='bbox 619 2773 725 2855; x_wconf 87' lang='lat' dir='ltr'><strong>fuerat</strong></span> <span class='ocrx_word' id='word_1_236' title='bbox 732 2785 906 2853; x_wconf 82' lang='lat' dir='ltr'><strong>occupatum</strong></span> <span class='ocrx_word' id='word_1_237' title='bbox 917 2770 991 2832; x_wconf 84' lang='lat' dir='ltr'><strong>bello</strong></span> <span class='ocrx_word' id='word_1_238' title='bbox 998 2815 1007 2843; x_wconf 91' lang='lat'><strong>,</strong></span> <span class='ocrx_word' id='word_1_239' title='bbox 1018 2789 1108 2851; x_wconf 82' lang='lat' dir='ltr'><strong>perse</strong></span> <span class='ocrx_word' id='word_1_240' title='bbox 1120 2767 1178 2830; x_wconf 86' lang='lat' dir='ltr'><strong>tale</strong></span> <span class='ocrx_word' id='word_1_241' title='bbox 1188 2771 1293 2850; x_wconf 83' lang='lat' dir='ltr'><strong>cepisse</strong></span> 
     </span>
     <span class='ocr_line' id='line_1_29' title="bbox 245 2838 1292 2940; baseline 0.02 -44"><span class='ocrx_word' id='word_1_242' title='bbox 245 2838 415 2922; x_wconf 75' lang='lat' dir='ltr'><strong>consiliam,</strong></span> <span class='ocrx_word' id='word_1_243' title='bbox 428 2849 535 2933; x_wconf 79' lang='lat' dir='ltr'><strong>inepta</strong></span> <span class='ocrx_word' id='word_1_244' title='bbox 543 2869 596 2917; x_wconf 84' lang='lat' dir='ltr'><strong>est.</strong></span> <span class='ocrx_word' id='word_1_245' title='bbox 611 2859 674 2918; x_wconf 86' lang='lat' dir='ltr'><strong>Cur</strong></span> <span class='ocrx_word' id='word_1_246' title='bbox 688 2860 772 2917; x_wconf 88' lang='lat' dir='ltr'><strong>enim</strong></span> <span class='ocrx_word' id='word_1_247' title='bbox 788 2861 1011 2940; x_wconf 86' lang='lat' dir='ltr'><strong>incongruum,</strong></span> <span class='ocrx_word' id='word_1_248' title='bbox 1025 2870 1059 2916; x_wconf 92' lang='lat' dir='ltr'><strong>ut</strong></span> <span class='ocrx_word' id='word_1_249' title='bbox 1073 2874 1207 2936; x_wconf 81' lang='lat' dir='ltr'><strong>maguus</strong></span> <span class='ocrx_word' id='word_1_250' title='bbox 1219 2855 1292 2914; x_wconf 84' lang='lat' dir='ltr'><strong>belli</strong></span> 
     </span>
     <span class='ocr_line' id='line_1_30' title="bbox 245 2923 1293 3016; baseline 0.019 -32"><span class='ocrx_word' id='word_1_251' title='bbox 245 2923 309 2987; x_wconf 79' lang='lat' dir='ltr'><strong>dux</strong></span> <span class='ocrx_word' id='word_1_252' title='bbox 322 2932 439 3016; x_wconf 82' lang='lat' dir='ltr'><strong>ingenii</strong></span> <span class='ocrx_word' id='word_1_253' title='bbox 452 2943 732 3007; x_wconf 85' lang='lat' dir='ltr'><strong>acievariasteutet</strong></span> <span class='ocrx_word' id='word_1_254' title='bbox 743 2949 776 3006; x_wconf 91' lang='lat' dir='ltr'><strong>in</strong></span> <span class='ocrx_word' id='word_1_255' title='bbox 790 2949 873 3008; x_wconf 82' lang='lat' dir='ltr'><strong>bello</strong></span> <span class='ocrx_word' id='word_1_256' title='bbox 882 2947 1029 3008; x_wconf 82' lang='lat' dir='ltr'><strong>vincendi</strong></span> <span class='ocrx_word' id='word_1_257' title='bbox 1041 2945 1293 3006; x_wconf 71' lang='lat' dir='ltr'><strong>machinasiflur</strong></span> 
     </span>
    </p>
   </div>
   <div class='ocr_carea' id='block_1_4' title="bbox 246 3016 1291 3177">
    <p class='ocr_par' dir='ltr' id='par_1_6' title="bbox 246 3016 1291 3177">
     <span class='ocr_line' id='line_1_31' title="bbox 246 3016 1291 3173; baseline 0.016 -96"><span class='ocrx_word' id='word_1_258' title='bbox 246 3016 278 3162; x_wconf 65' lang='lat' dir='ltr'><strong>ifn</strong></span> <span class='ocrx_word' id='word_1_259' title='bbox 292 3017 495 3173; x_wconf 57' lang='lat' dir='ltr'><strong>hoclgonsilii</strong></span> <span class='ocrx_word' id='word_1_260' title='bbox 508 3036 639 3096; x_wconf 85' lang='lat' dir='ltr'><strong>articulo</strong></span> <span class='ocrx_word' id='word_1_261' title='bbox 650 3039 754 3098; x_wconf 86' lang='lat' dir='ltr'><strong>Venus</strong></span> <span class='ocrx_word' id='word_1_262' title='bbox 766 3037 890 3099; x_wconf 83' lang='lat' dir='ltr'><strong>dicatur</strong></span> <span class='ocrx_word' id='word_1_263' title='bbox 900 3035 1109 3122; x_wconf 67' lang='lat' dir='ltr'><strong>pulcherrima,</strong></span> <span class='ocrx_word' id='word_1_264' title='bbox 1123 3038 1231 3117; x_wconf 83' lang='lat' dir='ltr'><strong>aperio</strong></span> <span class='ocrx_word' id='word_1_265' title='bbox 1243 3038 1291 3094; x_wconf 90' lang='lat' dir='ltr'><strong>in-</strong></span> 
     </span>
     <span class='ocr_line' id='line_1_32' title="bbox 263 3118 862 3177; baseline 0.032 -12"><span class='ocrx_word' id='word_1_266' title='bbox 263 3127 296 3167; x_wconf 88' lang='lat' dir='ltr'><strong>ra</strong></span> <span class='ocrx_word' id='word_1_267' title='bbox 312 3131 345 3170; x_wconf 85' lang='lat' dir='ltr'><strong>ur</strong></span> <span class='ocrx_word' id='word_1_268' title='bbox 388 3118 458 3177; x_wconf 85' lang='lat' dir='ltr'><strong>otis.</strong></span> <span class='ocrx_word' id='word_1_269' title='bbox 858 3123 862 3138; x_wconf 82' lang='lat'><em>¹</em></span> 
     </span>
    </p>
   </div>
   <div class='ocr_carea' id='block_1_5' title="bbox 244 3247 1356 4136">
    <p class='ocr_par' dir='ltr' id='par_1_7' title="bbox 244 3247 1356 3817">
     <span class='ocr_line' id='line_1_33' title="bbox 280 3247 1291 3339; baseline 0.015 -36"><span class='ocrx_word' id='word_1_270' title='bbox 280 3247 341 3318; x_wconf 80' lang='grc'><strong><em>546.</em></strong></span> <span class='ocrx_word' id='word_1_271' title='bbox 353 3258 446 3314; x_wconf 85' lang='lat' dir='ltr'><strong>Mortis</strong></span> <span class='ocrx_word' id='word_1_272' title='bbox 456 3274 538 3316; x_wconf 81' lang='lat' dir='ltr'><strong>meta.</strong></span> <span class='ocrx_word' id='word_1_273' title='bbox 552 3266 583 3318; x_wconf 89' lang='lat' dir='ltr'><strong>ld</strong></span> <span class='ocrx_word' id='word_1_274' title='bbox 595 3279 648 3332; x_wconf 87' lang='lat' dir='ltr'><strong>est,</strong></span> <span class='ocrx_word' id='word_1_275' title='bbox 660 3287 745 3336; x_wconf 85' lang='lat' dir='ltr'><strong>mors,</strong></span> <span class='ocrx_word' id='word_1_276' title='bbox 790 3271 868 3323; x_wconf 80' lang='lat' dir='ltr'><strong>Maro</strong></span> <span class='ocrx_word' id='word_1_277' title='bbox 880 3289 935 3324; x_wconf 90' lang='lat' dir='ltr'><strong>nou</strong></span> <span class='ocrx_word' id='word_1_278' title='bbox 948 3269 1048 3322; x_wconf 86' lang='lat' dir='ltr'><strong>adrem</strong></span> <span class='ocrx_word' id='word_1_279' title='bbox 1059 3265 1215 3339; x_wconf 84' lang='lat' dir='ltr'><strong>pertinens?</strong></span> <span class='ocrx_word' id='word_1_280' title='bbox 1227 3267 1291 3319; x_wconf 87' lang='lat' dir='ltr'><strong>dioi-</strong></span> 
     </span>
     <span class='ocr_line' id='line_1_34' title="bbox 247 3344 1356 3422; baseline 0.015 -39"><span class='ocrx_word' id='word_1_281' title='bbox 247 3345 305 3398; x_wconf 72' lang='lat' dir='ltr'><strong>que</strong></span> <span class='ocrx_word' id='word_1_282' title='bbox 319 3349 444 3392; x_wconf 76' lang='lat' dir='ltr'><strong>metaest</strong></span> <span class='ocrx_word' id='word_1_283' title='bbox 458 3356 484 3395; x_wconf 90' lang='lat' dir='ltr'><strong>et</strong></span> <span class='ocrx_word' id='word_1_284' title='bbox 498 3344 654 3400; x_wconf 80' lang='lat' dir='ltr'><strong>finisznam</strong></span> <span class='ocrx_word' id='word_1_285' title='bbox 666 3359 746 3401; x_wconf 88' lang='lat' dir='ltr'><strong>metas</strong></span> <span class='ocrx_word' id='word_1_286' title='bbox 790 3362 834 3402; x_wconf 88' lang='lat' dir='ltr'><strong>tur</strong></span> <span class='ocrx_word' id='word_1_287' title='bbox 848 3351 950 3422; x_wconf 84' lang='lat' dir='ltr'><strong>aliquid</strong></span> <span class='ocrx_word' id='word_1_288' title='bbox 960 3347 1144 3420; x_wconf 75' lang='lat' dir='ltr'><strong>lieripuldne,</strong></span> <span class='ocrx_word' id='word_1_289' title='bbox 1157 3366 1290 3418; x_wconf 79' lang='lat' dir='ltr'><strong>quumse-</strong></span> <span class='ocrx_word' id='word_1_290' title='bbox 1354 3381 1356 3386; x_wconf 68' lang='lat'><strong>,</strong></span> 
     </span>
     <span class='ocr_line' id='line_1_35' title="bbox 246 3409 1289 3502; baseline 0.021 -38"><span class='ocrx_word' id='word_1_291' title='bbox 246 3409 305 3462; x_wconf 78' lang='lat' dir='ltr'><strong>vitoe</strong></span> <span class='ocrx_word' id='word_1_292' title='bbox 326 3414 453 3488; x_wconf 66' lang='lat' dir='ltr'><strong>dicimus,</strong></span> <span class='ocrx_word' id='word_1_293' title='bbox 471 3444 526 3477; x_wconf 91' lang='lat' dir='ltr'><strong>non</strong></span> <span class='ocrx_word' id='word_1_294' title='bbox 547 3430 651 3490; x_wconf 87' lang='lat' dir='ltr'><strong>mortis,·</strong></span> <span class='ocrx_word' id='word_1_295' title='bbox 673 3448 745 3482; x_wconf 86' lang='lat' dir='ltr'><strong>mors</strong></span> <span class='ocrx_word' id='word_1_296' title='bbox 790 3433 894 3502; x_wconf 89' lang='lat' dir='ltr'><strong>pienter</strong></span> <span class='ocrx_word' id='word_1_297' title='bbox 912 3429 983 3481; x_wconf 84' lang='lat' dir='ltr'><strong>litet</strong></span> <span class='ocrx_word' id='word_1_298' title='bbox 1002 3439 1163 3498; x_wconf 79' lang='lat' dir='ltr'><strong>opportune·</strong></span> <span class='ocrx_word' id='word_1_299' title='bbox 1182 3427 1289 3480; x_wconf 67' lang='lat' dir='ltr'><strong>Terent·</strong></span> 
     </span>
     <span class='ocr_line' id='line_1_36' title="bbox 245 3493 1290 3577; baseline 0.014 -35"><span class='ocrx_word' id='word_1_300' title='bbox 245 3493 315 3544; x_wconf 86' lang='lat' dir='ltr'><strong>enim</strong></span> <span class='ocrx_word' id='word_1_301' title='bbox 328 3495 432 3553; x_wconf 82' lang='lat' dir='ltr'><strong>infinita</strong></span> <span class='ocrx_word' id='word_1_302' title='bbox 443 3518 482 3556; x_wconf 82' lang='lat' dir='ltr'><strong>est</strong></span> <span class='ocrx_word' id='word_1_303' title='bbox 492 3527 497 3556; x_wconf 75' lang='grc' dir='ltr'>ι</span> <span class='ocrx_word' id='word_1_304' title='bbox 508 3509 646 3562; x_wconf 80' lang='lat' dir='ltr'><strong>sciendum</strong></span> <span class='ocrx_word' id='word_1_305' title='bbox 657 3521 746 3564; x_wconf 86' lang='lat' dir='ltr'><strong>tamon</strong></span> <span class='ocrx_word' id='word_1_306' title='bbox 790 3507 911 3560; x_wconf 81' lang='lat' dir='ltr'><strong>Eunuch.</strong></span> <span class='ocrx_word' id='word_1_307' title='bbox 926 3505 1017 3559; x_wconf 67' lang='lat' dir='ltr'><strong>“Dixti</strong></span> <span class='ocrx_word' id='word_1_308' title='bbox 1024 3501 1145 3577; x_wconf 85' lang='lat' dir='ltr'><strong>pulchre,</strong></span> <span class='ocrx_word' id='word_1_309' title='bbox 1154 3523 1290 3576; x_wconf 87' lang='lat' dir='ltr'><strong>nunquam</strong></span> 
     </span>
     <span class='ocr_line' id='line_1_37' title="bbox 244 3569 1291 3658; baseline 0.013 -38"><span class='ocrx_word' id='word_1_310' title='bbox 244 3569 381 3629; x_wconf 82' lang='lat' dir='ltr'><strong>itahocde</strong></span> <span class='ocrx_word' id='word_1_311' title='bbox 390 3579 505 3635; x_wconf 86' lang='lat' dir='ltr'><strong>Homero</strong></span> <span class='ocrx_word' id='word_1_312' title='bbox 514 3605 570 3640; x_wconf 80' lang='lat' dir='ltr'><strong>esse</strong></span> <span class='ocrx_word' id='word_1_313' title='bbox 578 3590 745 3656; x_wconf 83' lang='lat' dir='ltr'><strong>translatum,</strong></span> <span class='ocrx_word' id='word_1_314' title='bbox 790 3587 846 3640; x_wconf 80' lang='lat' dir='ltr'><strong>vidi</strong></span> <span class='ocrx_word' id='word_1_315' title='bbox 858 3587 951 3640; x_wconf 89' lang='lat' dir='ltr'><strong>melius</strong></span> <span class='ocrx_word' id='word_1_316' title='bbox 967 3585 1108 3638; x_wconf 87' lang='lat' dir='ltr'><strong>eonsilium</strong></span> <span class='ocrx_word' id='word_1_317' title='bbox 1119 3583 1187 3637; x_wconf 84' lang='lat' dir='ltr'><strong>dari.</strong></span> <span class='ocrx_word' id='word_1_318' title='bbox 1199 3609 1209 3632; x_wconf 75' lang='lat' dir='ltr'><em>n</em></span> <span class='ocrx_word' id='word_1_319' title='bbox 1223 3585 1291 3658; x_wconf 86' lang='lat' dir='ltr'><strong>Ergo</strong></span> 
     </span>
     <span class='ocr_line' id='line_1_38' title="bbox 246 3653 1291 3738; baseline 0.013 -36"><span class='ocrx_word' id='word_1_320' title='bbox 246 3653 292 3720; x_wconf 88' lang='lat' dir='ltr'><strong>qui</strong></span> <span class='ocrx_word' id='word_1_321' title='bbox 302 3654 340 3705; x_wconf 86' lang='lat' dir='ltr'><strong>ait</strong></span> <span class='ocrx_word' id='word_1_322' title='bbox 348 3653 410 3714; x_wconf 73' lang='lat' dir='ltr'><strong>ritu</strong></span> <span class='ocrx_word' id='word_1_323' title='bbox 421 3660 548 3728; x_wconf 65' lang='lat' dir='ltr'><strong>sarteas,</strong></span> <span class='ocrx_word' id='word_1_324' title='bbox 560 3665 612 3720; x_wconf 84' lang='lat' dir='ltr'><strong>lioc</strong></span> <span class='ocrx_word' id='word_1_325' title='bbox 623 3677 676 3736; x_wconf 82' lang='lat' dir='ltr'><strong>est,</strong></span> <span class='ocrx_word' id='word_1_326' title='bbox 686 3669 745 3722; x_wconf 80' lang='lat' dir='ltr'><strong>finis</strong></span> <span class='ocrx_word' id='word_1_327' title='bbox 789 3665 964 3738; x_wconf 72' lang='lat' dir='ltr'><strong>pulcherrimo</strong></span> <span class='ocrx_word' id='word_1_328' title='bbox 984 3665 1082 3716; x_wconf 83' lang='lat' dir='ltr'><strong>dicitur</strong></span> <span class='ocrx_word' id='word_1_329' title='bbox 1103 3661 1209 3732; x_wconf 87' lang='lat' dir='ltr'><strong>Venus,</strong></span> <span class='ocrx_word' id='word_1_330' title='bbox 1236 3683 1291 3736; x_wconf 76' lang='lat' dir='ltr'><strong>qua</strong></span> 
     </span>
     <span class='ocr_line' id='line_1_39' title="bbox 246 3735 1291 3817; baseline 0.014 -37"><span class='ocrx_word' id='word_1_331' title='bbox 246 3735 339 3785; x_wconf 83' lang='lat' dir='ltr'><strong>mortis</strong></span> <span class='ocrx_word' id='word_1_332' title='bbox 349 3756 354 3784; x_wconf 76' lang='grc' dir='ltr'><strong><em>ι</em></strong></span> <span class='ocrx_word' id='word_1_333' title='bbox 365 3755 427 3792; x_wconf 90' lang='lat' dir='ltr'><strong>narn</strong></span> <span class='ocrx_word' id='word_1_334' title='bbox 435 3743 463 3793; x_wconf 90' lang='lat' dir='ltr'><strong>in</strong></span> <span class='ocrx_word' id='word_1_335' title='bbox 471 3745 529 3816; x_wconf 83' lang='lat' dir='ltr'><strong>ipsa</strong></span> <span class='ocrx_word' id='word_1_336' title='bbox 538 3760 621 3800; x_wconf 88' lang='lat' dir='ltr'><strong>morte</strong></span> <span class='ocrx_word' id='word_1_337' title='bbox 628 3746 687 3800; x_wconf 86' lang='lat' dir='ltr'><strong>finis</strong></span> <span class='ocrx_word' id='word_1_338' title='bbox 696 3761 744 3800; x_wconf 89' lang='lat' dir='ltr'><strong>est.</strong></span> <span class='ocrx_word' id='word_1_339' title='bbox 790 3745 999 3817; x_wconf 83' lang='lat' dir='ltr'><strong>pulcherrimum</strong></span> <span class='ocrx_word' id='word_1_340' title='bbox 1010 3743 1098 3796; x_wconf 88' lang='lat' dir='ltr'><strong>attulit</strong></span> <span class='ocrx_word' id='word_1_341' title='bbox 1106 3743 1256 3811; x_wconf 85' lang='lat' dir='ltr'><strong>consilium,</strong></span> <span class='ocrx_word' id='word_1_342' title='bbox 1264 3741 1291 3795; x_wconf 89' lang='lat' dir='ltr'><strong>id</strong></span> 
     </span>
    </p>

    <p class='ocr_par' dir='ltr' id='par_1_8' title="bbox 246 3809 1292 4136">
     <span class='ocr_line' id='line_1_40' title="bbox 283 3809 1290 3896; baseline 0.01 -32"><span class='ocrx_word' id='word_1_343' title='bbox 283 3809 342 3881; x_wconf 80' lang='lat'><em>554.</em></span> <span class='ocrx_word' id='word_1_344' title='bbox 358 3817 479 3874; x_wconf 73' lang='lat' dir='ltr'><strong>Genetrix</strong></span> <span class='ocrx_word' id='word_1_345' title='bbox 488 3825 672 3895; x_wconf 71' lang='lat' dir='ltr'><strong>pulcherrima.</strong></span> <span class='ocrx_word' id='word_1_346' title='bbox 687 3816 750 3881; x_wconf 83' lang='lat' dir='ltr'><strong>Ser·¹</strong></span> <span class='ocrx_word' id='word_1_347' title='bbox 790 3837 844 3890; x_wconf 82' lang='lat' dir='ltr'><strong>est,</strong></span> <span class='ocrx_word' id='word_1_348' title='bbox 868 3827 1092 3896; x_wconf 83' lang='lat' dir='ltr'><strong>sapientissimum</strong></span> <span class='ocrx_word' id='word_1_349' title='bbox 1116 3835 1142 3875; x_wconf 87' lang='lat' dir='ltr'><strong>et</strong></span> <span class='ocrx_word' id='word_1_350' title='bbox 1161 3838 1290 3896; x_wconf 86' lang='lat' dir='ltr'><strong>opportu-</strong></span> 
     </span>
     <span class='ocr_line' id='line_1_41' title="bbox 246 3892 1292 3979; baseline 0.019 -39"><span class='ocrx_word' id='word_1_351' title='bbox 246 3892 282 3942; x_wconf 82' lang='lat' dir='ltr'><strong>vii</strong></span> <span class='ocrx_word' id='word_1_352' title='bbox 290 3893 411 3950; x_wconf 88' lang='lat' dir='ltr'><strong>scholion</strong></span> <span class='ocrx_word' id='word_1_353' title='bbox 420 3900 486 3970; x_wconf 88' lang='lat' dir='ltr'><strong>hoc,</strong></span> <span class='ocrx_word' id='word_1_354' title='bbox 501 3919 681 3978; x_wconf 78' lang='lat' dir='ltr'><strong>«perpetuum</strong></span> <span class='ocrx_word' id='word_1_355' title='bbox 692 3909 746 3979; x_wconf 91' lang='lat' dir='ltr'><strong>epi·</strong></span> <span class='ocrx_word' id='word_1_356' title='bbox 790 3905 928 3957; x_wconf 84' lang='lat' dir='ltr'><strong>nissimum</strong></span> <span class='ocrx_word' id='word_1_357' title='bbox 943 3926 948 3954; x_wconf 94' lang='lat'><strong>:</strong></span> <span class='ocrx_word' id='word_1_358' title='bbox 968 3917 995 3956; x_wconf 90' lang='lat' dir='ltr'><strong>et</strong></span> <span class='ocrx_word' id='word_1_359' title='bbox 1011 3919 1068 3957; x_wconf 85' lang='lat' dir='ltr'><strong>esse</strong></span> <span class='ocrx_word' id='word_1_360' title='bbox 1083 3901 1192 3974; x_wconf 83' lang='lat' dir='ltr'><strong>quidem</strong></span> <span class='ocrx_word' id='word_1_361' title='bbox 1204 3915 1292 3974; x_wconf 73' lang='lat' dir='ltr'><strong>potest</strong></span> 
     </span>
     <span class='ocr_line' id='line_1_42' title="bbox 247 3969 1291 4058; baseline 0.01 -35"><span class='ocrx_word' id='word_1_362' title='bbox 247 3969 340 4026; x_wconf 81' lang='lat' dir='ltr'><strong>theton</strong></span> <span class='ocrx_word' id='word_1_363' title='bbox 352 3991 405 4044; x_wconf 82' lang='lat' dir='ltr'><strong>est,</strong></span> <span class='ocrx_word' id='word_1_364' title='bbox 424 3999 473 4034; x_wconf 90' lang='lat' dir='ltr'><strong>nec</strong></span> <span class='ocrx_word' id='word_1_365' title='bbox 486 3983 521 4036; x_wconf 83' lang='lat' dir='ltr'><strong>ad</strong></span> <span class='ocrx_word' id='word_1_366' title='bbox 532 3988 668 4058; x_wconf 86' lang='lat' dir='ltr'><strong>negotium</strong></span> <span class='ocrx_word' id='word_1_367' title='bbox 683 4007 746 4058; x_wconf 84' lang='lat' dir='ltr'><strong>per·</strong></span> <span class='ocrx_word' id='word_1_368' title='bbox 790 3981 931 4058; x_wconf 70' lang='lat' dir='ltr'><strong>hypallage</strong></span> <span class='ocrx_word' id='word_1_369' title='bbox 958 3985 1091 4058; x_wconf 79' lang='lat' dir='ltr'><strong>«genitrix</strong></span> <span class='ocrx_word' id='word_1_370' title='bbox 1110 3983 1291 4052; x_wconf 85' lang='lat' dir='ltr'><strong>pulcherrima</strong></span> 
     </span>
     <span class='ocr_line' id='line_1_43' title="bbox 247 4052 1289 4136; baseline 0.013 -27"><span class='ocrx_word' id='word_1_371' title='bbox 247 4052 371 4123; x_wconf 64' lang='lat' dir='ltr'><strong>tineus»,</strong></span> <span class='ocrx_word' id='word_1_372' title='bbox 389 4061 509 4133; x_wconf 86' lang='lat' dir='ltr'><strong>ineptum</strong></span> <span class='ocrx_word' id='word_1_373' title='bbox 521 4075 569 4118; x_wconf 85' lang='lat' dir='ltr'><strong>est.</strong></span> <span class='ocrx_word' id='word_1_374' title='bbox 587 4065 630 4117; x_wconf 78' lang='lat' dir='ltr'><strong>An</strong></span> <span class='ocrx_word' id='word_1_375' title='bbox 644 4065 746 4136; x_wconf 86' lang='lat' dir='ltr'><strong>aliquid</strong></span> <span class='ocrx_word' id='word_1_376' title='bbox 790 4061 1289 4136; x_wconf 49' lang='lat' dir='ltr'><strong>misirmentem„propulcherrimam</strong></span> 
     </span>
    </p>
   </div>
   <div class='ocr_carea' id='block_1_6' title="bbox 0 0 1365 4588">
    <p class='ocr_par' dir='ltr' id='par_1_9' title="bbox 0 0 1365 4588">
     <span class='ocr_line' id='line_1_44' title="bbox 0 0 1365 4588; baseline 0 0"><span class='ocrx_word' id='word_1_377' title='bbox 0 0 1365 4588; x_wconf 95' lang='lat' dir='ltr'><strong> </strong></span> 
     </span>
    </p>
   </div>
  </div>
 </body>
</html>
