2704 4582
318 323 371 384 IN
395 321 630 387 AENEIDOS
654 323 748 386 LIB.
772 323 835 385 XI.
1038 319 1098 386 153

49 440 78 498 in
93 438 164 520 ejus
179 445 310 524 nuptias
329 445 544 520 incumbebat,
565 458 594 504 et
606 446 722 505 AEnean
737 444 861 504 oderat:
880 441 991 504 deinde
1008 443 1097 502 illum

49 528 224 589 tuebantur
247 551 362 612 magna
383 545 413 590 et
436 531 581 613 praeclara
605 530 669 612 ejus
689 532 850 606 facinora3
878 533 992 592 multos
1013 532 1098 591 enim

49 612 264 694 Trojanorum
277 619 310 676 in
324 620 483 699 superiore
492 617 576 678 bello
589 618 798 678 interfecerat:
813 641 847 679 ac
860 635 1020 700 propterea
1031 629 1099 678 turn

51 700 164 782 dignus
179 705 361 784 videbatur,
383 711 436 789 qui
454 710 585 790 imperio
598 709 791 769 succederet:
811 723 876 769 tum
893 709 1025 770 idoneus
1038 729 1099 768 cre·
1121 785 1126 793 ι

8 841 9 870 ἢ
52 787 202 866 debatur,
219 796 273 874 qui
287 793 437 876 Trojanos
450 796 584 880 pelleret.
912 861 915 866 Δ

88 880 159 939 225.
178 879 320 942 Turbata
337 886 444 944 omnia
457 897 544 944 erant
559 887 591 944 in
608 883 732 943 civitate
746 885 864 960 Latini3
884 885 999 945 accedit
1017 904 1099 944 nova

8 1033 9 1044 ,
53 988 142 1029 eausa
152 971 347 1034 turbationis
358 997 365 1033 ε
377 996 450 1034 nam
460 977 583 1056 Legati,
599 976 652 1055 qui
663 975 747 1034 missi
758 979 854 1056 Arpos
864 977 972 1035 urbem
982 975 1100 1057 Apuliae

8 1059 12 1146 l
54 1057 88 1114 ed
101 1061 309 1137 Diomedem,
325 1061 455 1124 redeunt
468 1065 671 1138 moestissimi,
687 1065 761 1144 quia
773 1065 850 1124 nibil
858 1079 954 1126 actum
968 1065 1101 1145 impensis

8 1147 14 1222 't
54 1148 188 1209 omnibus
199 1164 348 1212 tantorum
358 1173 475 1234 operum
482 1178 494 1227 ,·
506 1152 648 1212 videlicet
659 1173 723 1212 non
735 1152 840 1227 donis,
853 1174 917 1213 non
929 1173 1020 1227 auro,
1035 1172 1099 1210 non

8 1223 9 1290 l
54 1241 171 1315 magnis
192 1241 356 1320 precibus:
383 1240 451 1300 haec
469 1257 542 1300 sunt
559 1244 697 1320 impensa
715 1240 790 1298 illa:
815 1241 891 1319 quin
909 1239 1044 1298 afferunt
1061 1237 1100 1296 ab

8 1327 9 1350 ³
54 1319 220 1402 Diomede,
242 1341 278 1386 ut
293 1343 464 1408 quaererent
479 1330 582 1390 Latini
599 1327 726 1387 aliunde
743 1348 850 1410 opem,
869 1340 922 1388 aut
937 1347 1044 1408 pacem
1060 1325 1099 1384 ab

8 1419 9 1450 ³
55 1410 144 1471 AEnea
158 1429 312 1495 peterent.
853 1430 855 1434 '

8 1533 9 1548 κ
91 1502 158 1560 231.
183 1501 307 1562 Iudicat
325 1507 494 1584 λειποψυχίαν
513 1507 634 1577 Latini3
662 1523 735 1574 nam
760 1503 835 1584 quid
854 1503 939 1564 aliud
959 1514 1004 1562 est
1024 1499 1102 1560 luctu

57 1586 168 1668 deicit?
193 1591 264 1652 ideo
283 1613 354 1651 vero
375 1595 408 1650 in
428 1592 488 1652 hoc
507 1593 661 1674 deliquio,
682 1606 717 1652 ut
734 1593 773 1651 ad
791 1614 883 1674 quem
901 1613 1014 1671 magna
1030 1609 1101 1671 pars

8 1679 12 1772 l,
57 1673 149 1736 cladis
169 1679 412 1740 devolvebatur:
433 1701 507 1740 nam
530 1681 562 1738 in
581 1701 685 1739 rerum
702 1679 955 1753 adversitatibus,
977 1675 1101 1759 regibus

57 1765 198 1846 inprimis
208 1770 382 1850 periculum
393 1771 535 1829 imminet
547 1793 553 1829 :
565 1783 711 1851 praeterea
721 1790 752 1829 se
761 1789 813 1828 rex
822 1770 887 1850 ipse
896 1769 1009 1850 pungit
1019 1787 1101 1825 nova

58 1857 322 1919 consideratione:
344 1881 418 1920 nam
436 1881 473 1920 ex
491 1858 693 1919 multitudine
712 1879 881 1935 caesorum,
902 1877 1038 1940 quorum
1054 1868 1102 1914 tu-

57 1943 130 2003 muli
146 1961 240 2007 erant
258 1963 331 2008 ante
350 1970 419 2024 ora,
442 1946 570 2030 conjicit
588 1951 726 2009 Deorum
742 1950 835 2022 iram,
857 1949 910 2029 qui
928 1946 1100 2007 manifestis
1116 1961 1118 1964 ·

56 2031 175 2095 indiciis
193 2037 311 2096 AEnean
329 2037 494 2113 vocabant,
516 2036 600 2100 velut
616 2038 803 2098 destinatum
814 2035 881 2118 jam
898 2036 965 2097 fato
980 2035 1020 2095 ad
1036 2054 1100 2093 am-

57 2122 229 2202 plissimum
242 2129 418 2209 imperium.

92 2213 159 2289 234.
179 2215 263 2298 Ergo
282 2220 315 2276 in
332 2229 418 2277 tanta
435 2238 536 2278 rerum
556 2217 756 2300 perplexitate
768 2217 933 2278 concilium
950 2215 1049 2294 cogit,
1070 2225 1101 2271 et

59 2303 141 2362 acciri
159 2325 235 2365 suos
250 2304 356 2386 jubet:
381 2311 570 2372 conveniunt
586 2306 632 2367 illi
650 2307 688 2367 ad
706 2307 838 2386 regiam,
863 2318 893 2363 et
908 2304 1007 2385 plenae
1029 2313 1101 2360 sunt

9 2437 10 2446 ,
59 2397 299 2454 commeantium
316 2394 389 2456 binc
407 2396 480 2456 inde
499 2396 538 2455 ad
558 2395 710 2478 palatium
730 2395 798 2452 viae.
818 2391 907 2452 Sedet
923 2391 1050 2450 Latinus
1067 2389 1100 2446 in

9 2493 14 2550 ξ
59 2480 177 2556 mediis,
191 2487 293 2565 utqui
305 2508 368 2559 rex,
384 2488 480 2568 utqui
493 2507 554 2547 oevo
566 2487 727 2557 maximus,
740 2496 775 2542 ut
787 2486 841 2563 qui
851 2484 962 2563 primus
973 2480 1100 2558 sceptris,

60 2566 87 2623 id
98 2583 156 2643 est,
178 2573 261 2631 inter
273 2574 476 2655 sceptriferos.
494 2573 551 2634 Sed
564 2577 645 2632 inter
661 2587 707 2632 tot
719 2570 882 2652 praeclara,
901 2581 1005 2627 tamen
1023 2562 1103 2624 baud

61 2650 243 2739 laetafmnte:
254 2681 328 2720 nam
337 2683 412 2723 cura
424 2662 499 2722 mali
510 2663 601 2723 altius
609 2660 772 2722 insederat.
786 2657 859 2720 Erat
869 2660 902 2717 in
912 2677 948 2717 eo
957 2673 1101 2716 consessu

60 2849 132 2883 uum:
147 2847 252 2900 tuetur,
266 2836 401 2890 defendit:
414 2838 552 2892 translatio
598 2858 689 2891 versus
706 2841 814 2891 AEneam
831 2853 960 2908 pugnare.
978 2835 1049 2886 Serv.
1065 2859 1100 2870 -

9 2931 10 2988 p
59 2910 87 2962 ab
106 2915 248 2968 arboribus
268 2918 353 2984 facta,
373 2921 435 2989 quia
455 2938 553 2971 nornen
597 2918 657 2970 Alio
673 2917 767 2970 ordine
782 2935 837 2967 rem
851 2915 921 2965 hanc
933 2923 1024 2963 narrat
1036 2909 1087 2959 Ovi

60 2992 183 3045 nubilium
199 3009 329 3066 tanquam
344 2997 439 3050 umbra
452 3011 491 3051 est
503 3019 553 3070 pro
598 2999 674 3050 dius:
694 2997 760 3048 dicit
778 2996 849 3050 enim
864 2993 967 3062 legatos
987 2988 1021 3040 ad
1037 2987 1100 3037 Dio-

9 3063 12 3112 l
60 3070 293 3128 aliis:hocautem
305 3076 554 3152 dicit,amorregi-
598 3077 703 3129 medem
713 3071 1098 3137 missosrediisse,antequam

59 3169 93 3201 me
105 3152 137 3204 ad
156 3155 277 3207 favorem
294 3155 453 3227 popularem
470 3159 554 3229 pluri·
598 3158 704 3207 Turnus
712 3157 891 3225 Trojanorum
901 3159 988 3200 castra
998 3163 1101 3216 oppug·
1186 3190 1189 3204 .

10 3297 11 3300 Ἴ
59 3247 123 3282 mum
133 3234 262 3304 proderat
272 3235 372 3288 Turno.
383 3239 553 3305 S.-Quum
599 3250 689 3303 naret,
705 3227 1099 3298 etAEneaeclassis,quamin·

59 3310 175 3366 Lucanus
184 3318 221 3367 ait
230 3315 264 3366 de
275 3318 414 3388 Pompeio,
425 3329 474 3370 stat
482 3338 555 3392 may·
600 3314 837 3377 uenderevolebat,
844 3319 990 3360 mutaretur
995 3307 1021 3358 in
1029 3324 1102 3378 aym*

59 3393 314 3461 ninominisumbra,
323 3397 489 3450 innuitbunc
497 3399 555 3452 aliis
601 3395 684 3467 phas:
696 3395 757 3447 vide
769 3395 833 3445 Met.
843 3389 912 3452 XIV,
926 3387 991 3458 5²7:
1004 3400 1031 3439 θῑ
1040 3404 1100 3457 sqq·

61 3471 136 3524 luisse
145 3475 219 3526 velut
230 3475 360 3528 umbram.
638 3477 697 3528 231.
712 3475 767 3524 Rex
779 3471 831 3543 ipse
842 3469 957 3520 Latinus.
969 3467 1022 3533 Qui
1037 3484 1102 3516 con·

92 3551 149 3602 226.
168 3553 236 3602 Ecce
253 3573 335 3624 super.
355 3558 481 3628 lusuper,
500 3557 553 3608 hoc
598 3554 679 3606 solari
691 3553 798 3616 debuit,
813 3562 858 3602 aut
868 3545 1042 3600 defendendae
1052 3545 1103 3595 rei·

60 3643 103 3694 est,
111 3630 144 3680 ad
152 3631 360 3685 cumulationem
370 3637 553 3688 malorum—
598 3634 712 3706 publiea:
730 3630 804 3684 aliud
820 3631 886 3681 inire
904 3625 1053 3679 consilium.
1070 3624 1097 3676 S.
1115 3620 1120 3634 ’

10 3715 11 3778 J
61 3709 461 3767 Moesti.ll0cserrnoneeosnihil
470 3719 553 3789 egisse
598 3711 763 3787 —Fatalem
776 3712 888 3760 AEnean.
906 3706 1011 3758 Servius
1020 3703 1100 3774 fata-

10 3797 11 3810 *
61 3790 190 3860 significat.
206 3823 240 3832 -
256 3796 358 3866 Magna
373 3796 505 3848 Diomedis
524 3797 555 3847 ab
600 3794 664 3858 lem,
678 3793 738 3844 loco
753 3784 1100 3856 hoes⁰¹1¹¹¹lb¹¹⁸P⁰¹¹³i⁰l⁰·

11 3939 12 3946 ἵ
62 3872 120 3921 urbe.
138 3874 245 3942 Legitur
263 3888 289 3926 et
305 3876 411 3947 maqni:
432 3889 458 3928 et
479 3889 555 3929 tanto
601 3891 658 3924 sum
669 3869 818 3943 significare
829 3864 968 3919 dicit2sed
977 3883 1025 3916 cur
1034 3881 1098 3928 non,

64 3945 173 4019 asperius
184 3953 304 4021 videtur,
313 3954 387 4025 quod
395 3973 477 4025 quum
484 3974 556 4028 mag·
601 3952 727 4015 obsecro,
737 3950 826 4021 potius
839 3962 1015 4019 exponamus,
1027 3943 1103 3994 Fatis

11 4061 12 4114 ἒ
63 4042 105 4078 uus
117 4031 148 4082 sit
165 4033 324 4102 Diomedes,
341 4052 396 4086 non
413 4033 494 4088 audet
508 4034 556 4088 ad·
601 4043 674 4085 certo
687 4027 843 4106 advectum?
