2742 4596
205 243 300 345 '440
550 327 555 336 ,
597 257 661 324 nu
684 255 916 324 vinornn
998 327 1002 338 ,

236 388 390 467 idemque.
401 381 575 444 Molestiam
587 380 663 440 facit
672 400 734 454 res,
747 380 785 440 ab
799 381 850 455 iis,
861 381 913 462 qui
927 380 1046 440 codices
1056 381 1212 444 manibus
1224 401 1289 444 verd
1358 423 1359 434 .

237 487 360 548 serunt,
375 487 568 552 temporum
587 468 698 528 diserte
717 471 863 548 exposita.
879 467 1032 528 Omnibus
1046 466 1219 549 diligenter
1231 473 1285 530 cir·
1358 461 1359 468 Ι

236 564 417 644 cumspectis
428 573 456 620 et
466 558 683 633 consideratis,
691 557 813 637 Virgilii
827 557 947 620 codices
961 571 1015 618 tues
1026 556 1168 619 diversos
1179 563 1212 620 in
1223 558 1286 640 ejus

236 649 418 734 supellectili
438 647 564 707 libraris
582 645 677 704 fuisse
693 645 839 704 invenio:
858 666 948 704 unum
956 690 966 718 ,
983 665 1069 704 nunc
1087 647 1119 704 in
1134 649 1282 706 Vaticana
1345 647 1348 656 “

234 743 422 821 repositum,
434 736 528 812 Aldo,
541 735 657 808 Pierio,
669 745 698 792 et
707 733 823 791 Ursino
836 731 920 792 haud
933 734 1048 808 visum,
1060 736 1115 815 qui
1129 733 1285 817 fragmen·

234 841 265 888 ta
281 826 512 908 complectitur,
527 841 596 904 quse
611 823 763 882 Bottarius
779 822 810 879 in
827 819 929 880 lucem
946 819 1065 879 edidit:
1081 820 1121 881 de
1137 824 1179 882 iis
1195 844 1284 904 supra

236 928 357 989 actum3
371 911 509 983 alterum,
523 909 576 990 qui
591 910 688 968 Lusus
697 905 849 987 juveniles
862 927 931 966 cum
946 907 1096 968 Bucolicis
1109 923 1141 968 et
1153 911 1284 989 Georgi·

234 1025 341 1066 corum
354 1001 409 1064 lib.
421 1005 433 1062 Ι
446 1011 532 1083 parte
544 980 723 1057 co'ntinebat
733 1019 740 1055 :
752 1017 768 1054 e
780 1017 844 1076 quo
854 996 991 1058 Culicem
1006 1000 1145 1058 correxit
1155 1002 1190 1059 P.
1203 1002 1285 1058 Bem-

235 1095 386 1157 bus.Vid.
402 1091 520 1176 praefst.
541 1101 680 1148 nostram
703 1087 741 1146 sd
763 1086 876 1160 Culic.;
898 1089 1024 1160 tertium,
1045 1107 1139 1168 quem
1153 1091 1284 1149 Ursinus

237 1207 307 1246 cum
319 1184 416 1244 altero
427 1182 482 1241 illo
493 1179 577 1239 domi
589 1197 650 1238 suae
661 1175 809 1250 habebat,
819 1190 942 1258 etonem
948 1220 957 1250 ‚
968 1189 1004 1236 ut
1014 1176 1067 1236 ille
1077 1177 1117 1236 sd
1129 1177 1291 1250 Ecl.Vlll,'
1358 1203 1359 1254 i

236 1273 276 1348 44
291 1287 413 1346 monet,
425 1293 461 1330 ex
473 1267 635 1330 Academia
645 1267 789 1338 Pontani,
801 1263 1001 1347 prandionbus
1016 1263 1104 1325 literis
1115 1279 1286 1340 exoratum,

237 1362 370 1422 habuisse
381 1358 521 1422 Bembum
534 1356 644 1416 dicunt.
656 1356 700 1412 Ex
712 1353 801 1412 dictis
816 1351 863 1412 his
878 1354 1052 1413 accuratius
1068 1356 1219 1414 constitui
1231 1356 1286 1434 'po-
1357 1305 1359 1418 l

236 1463 341 1512 terunt
353 1473 402 1526 cs,
417 1469 487 1531 quae
502 1449 534 1506 in
550 1445 672 1528 praefst.
687 1443 813 1503 Antbol.
830 1445 942 1503 Lat'l'.
958 1443 988 1518 l,
1004 1465 1035 1525 p.
1054 1443 1101 1523 liij
1118 1443 1159 1504 de
1178 1443 1284 1505 Bembi
1357 1483 1359 1556 ,

237 1538 493 1619 codd.disputsta
505 1547 586 1596 sunt.
1186 1535 1217 1566 '-

276 1631 391 1688 Praeter
405 1641 466 1687 tres
485 1625 544 1685 hos
561 1622 651 1684 codd.
670 1621 757 1680 fuere
772 1621 838 1680 duo
855 1619 925 1694 alii,
942 1619 1021 1680 alter
1037 1621 1185 1681 Bucolica
1202 1643 1284 1682 com-

236 1715 361 1799 plexus,
375 1737 445 1775 cnm
460 1715 557 1786 notis,
574 1713 627 1793 qui
642 1712 782 1792 primum
793 1713 881 1769 Bern.
893 1708 1009 1782 Bembi,
1024 1708 1138 1769 deinde
1151 1713 1189 1770 P.
1199 1715 1284 1770 Bem-

237 1805 265 1864 bi
279 1803 467 1878 Cardinalis,
482 1803 600 1874 fuerat,
618 1800 697 1858 alter
714 1797 811 1858 libros
824 1798 969 1858 AEneidos
981 1798 1162 1872 continens,
1177 1799 1282 1857 itidem

237 1913 307 1952 curn
321 1892 446 1972 glossis,
462 1893 513 1971 qui
528 1911 544 1948 a
558 1889 691 1948 Modesto
702 1886 877 1962 Polemone,
890 1889 1024 1948 Sicconis
1040 1887 1078 1962 f.,
1094 1887 1134 1946 ad
1149 1891 1185 1947 P.
1198 1891 1284 1947 Bem·
1358 1915 1359 1948 t

236 1980 314 2038 bum
329 1978 420 2038 Cord.
435 1989 634 2061 perveneram
649 1997 782 2055 quorum
797 1991 925 2057 uterquc
938 1976 975 2036 sd
989 1978 1078 2036 taur.
1091 1977 1283 2057 Piqnorium,
1358 1969 1359 2016 l

237 2079 267 2127 et
278 2088 312 2126 ex
326 2065 391 2147 ejus
403 2078 587 2126 testamento
598 2064 636 2124 ad
648 2066 849 2124 Dominicum
862 2063 1011 2126 Melinum
1018 2109 1027 2136 ‚
1040 2065 1222 2125 Senatorem
1233 2065 1287 2122 Ve-

237 2168 362 2230 netam,
375 2152 629 2215 transieratvid.
639 2154 842 2213 Tomasinum
856 2150 994 2213 Biblioth.
1009 2155 1115 2213 Potou.
1128 2174 1201 2234 pag.
1217 2151 1266 2211 85.
1287 2187 1290 2200 ·
1358 2191 1359 2230 3

688 2315 829 2330 ι*

275 2415 327 2474 ΙΙΙ.
342 2413 437 2475 Codex
452 2409 621 2473 Colotiunus
632 2410 734 2470 Fulvii
748 2412 868 2484 Ursini,
882 2412 935 2490 qui
949 2409 1027 2470 olim
1043 2410 1154 2491 Angeli
1170 2411 1287 2471 Colotii

237 2500 354 2575 fuerat,
376 2521 530 2581 quemque
553 2505 674 2560 Ursinus
693 2497 890 2558 bibliothecae
908 2499 1066 2558 Vaticanus
1085 2499 1213 2566 intulit,
1233 2501 1284 2558 ubi

238 2609 321 2647 nunc
331 2607 419 2648 num.
433 2590 506 2669 1575
518 2600 667 2646 servatur.
675 2585 755 2645 Vide
766 2585 805 2644 de
815 2605 853 2644 eo
863 2586 966 2644 Ursin.
978 2584 1016 2644 sd
1027 2581 1094 2644 Ecl.
1103 2587 1189 2661 Vlll,
1198 2584 1248 2662 44,
1257 2601 1286 2646 et
1357 2569 1358 2588 ¹

238 2675 365 2732 Bottsrii
382 2674 502 2755 praelat.
515 2673 553 2734 ad
567 2677 690 2754 Fragor.
701 2674 798 2732 Vatic.
811 2693 842 2753 p.
858 2673 900 2751 xj.
913 2673 1102 2732 varietatem
1115 2693 1152 2732 ex
1167 2694 1206 2734 eo
1222 2695 1287 2756 pss-

235 2762 294 2820 sim
309 2763 430 2820 notavit
448 2763 580 2820 Ursinus
597 2763 630 2819 in
644 2759 767 2842 Virqilio
784 2758 882 2844 collat.
897 2762 1000 2841 Script.
1016 2762 1111 2820 Graec.
1133 2759 1284 2823 illustmto.

234 2851 399 2910 Consentit
411 2851 444 2910 iu
456 2851 563 2910 multis
574 2871 644 2910 cnm
658 2850 813 2924 Mediceis,
824 2849 895 2908 vide
905 2871 934 2909 v.
947 2870 974 2909 c.
988 2850 1043 2909 Ge.
1058 2851 1118 2925 ΙΙΙ,
1130 2851 1208 2928 235,
1218 2855 1283 2916 236.
1357 2875 1358 2880 ¹

234 2939 447 3010 Pervetustum
461 2961 532 2998 eum
545 2937 724 3020 appellabat
734 2939 881 3010 Ursinus;
895 2939 928 2996 in
941 2937 1003 2996 fine
1016 2950 1123 2998 tamen
1135 2959 1206 3000 saec.
1219 2941 1283 3014 llll,

236 3027 384 3108 scripturn
400 3039 502 3086 censet
515 3027 679 3086 Bottsrius.
1178 3075 1183 3082 .

274 3116 420 3176 Habebat
436 3117 558 3176 Ursinus
572 3128 719 3195 praeteres
736 3113 816 3174 duos
829 3114 928 3174 libros
945 3113 1234 3192 emendatissimos,
1248 3115 1285 3174 de

235 3203 349 3282 quibus
363 3203 401 3264 acl
417 3205 481 3263 Ecl.
493 3205 560 3264 Vlll
573 3200 633 3280 ,44
644 3217 812 3272 memorat;
826 3203 940 3264 scilicet
951 3201 1099 3262 Codicem
1114 3202 1204 3265 literis
1213 3208 1287 3266 Lon·
1357 3261 1358 3291 ,

233 3291 396 3371 podardicis
409 3307 574 3365 exoratum,
589 3290 621 3351 h.
635 3313 660 3350 e.
674 3307 709 3351 ut
726 3294 879 3372 suspicor,
894 3292 990 3352 literis
1007 3293 1197 3353 minusculis
1216 3315 1283 3376 pas·
1356 3355 1357 3366 ,

234 3382 292 3438 sim
308 3379 466 3454 admixtio
481 3382 574 3442 talem
592 3382 674 3440 enim
693 3382 877 3461 scripturam
894 3382 950 3441 illo
963 3395 1105 3462 tempore
1118 3383 1162 3442 ito
1179 3381 1281 3464 appel·

233 3468 298 3526 lare
310 3467 466 3542 solebant;
483 3486 549 3530 tum
562 3470 707 3530 Codicem
720 3472 979 3549 vetustissimum,
992 3473 1045 3551 qui
1060 3470 1166 3532 fuerat
1177 3477 1283 3534 Frons.

137 3631 140 3636 ¹
236 3552 413 3634 enitenti„
483 3592 489 3598 -

690 3667 830 3682 m

246 3831 250 3840 ,
275 3767 425 3866 x3codex
438 3772 564 3834 Barttii.
576 3773 694 3834 Habuit
710 3777 758 3834 vir
773 3774 972 3835 doctissimus
985 3786 1045 3834 tres
1057 3777 1185 3860 Virgilii
1202 3776 1282 3838 codi·

236 3873 297 3926 ces,
315 3867 395 3913 inter
411 3877 490 3937 quos
506 3881 604 3920 unum
619 3861 880 3935 vetustissimum,
899 3863 930 3921 in
947 3862 1032 3943 cujus
1047 3861 1111 3924 fine
1128 3865 1284 3946 subscrip-
1356 3861 1357 3886 ¹

237 3955 305 4042 nim,
322 3959 385 4004 eret
402 3965 407 4000 :
424 3942 542 4008 Flauius
556 3949 728 4046 Gennadius,
737 3947 821 4012 Felix
835 3953 1001 4044 Torquatus¹
1009 3954 1040 4016 V
1039 3995 1046 4009 ·
1063 3953 1095 4012 C
1114 3955 1168 4050 Rc,
1183 3957 1286 4035 Boium
