2704 4582
316 296 366 359 m
392 295 833 361 munimentum.
1036 310 1093 390 145

56 406 118 477 dem
129 421 349 500 assignarunt,
365 432 396 478 et
406 417 494 478 loca:
512 417 639 492 deinde,
655 439 707 478 nec
722 417 829 480 beilum
840 443 907 480 cum
918 439 1000 504 pente
1011 451 1098 509 pero,-

57 511 134 586 quasi
151 509 256 569 dicat:
276 509 406 568 vobisne
419 528 476 588 ego
491 506 587 567 hostis
602 509 677 582 sim,
700 510 754 588 qui
775 511 844 569 estis
863 511 999 572 subditi?
1017 520 1097 581 nihil

57 617 99 655 rue
107 598 228 658 laesistis
241 623 248 658 :
260 620 365 679 regem
376 612 511 657 vestrum
523 600 650 657 incuso:
664 597 717 656 ille
728 597 841 681 reiiqrnt
850 615 947 661 nostra
957 604 1080 688 hospitia
1086 638 1099 687 ‚-

58 698 135 744 notat
147 689 257 746 Latini
273 686 455 770 perfidiam3
473 700 502 746 et
511 685 632 746 eredidit
645 707 672 744 se
687 689 774 745 armis
789 691 895 762 Turni,
906 687 999 770 'quod
1016 697 1099 758 cedit

58 770 85 828 in
104 793 208 834 meum
230 774 379 848 dedecus3
401 775 488 854 quasi
507 777 629 834 'Inrnus
651 777 809 854 potentior
827 778 866 835 sit
886 778 924 836 ad
945 785 1099 847 tuendum

58 881 158 940 regern.
169 866 275 943 Ergo,
290 864 316 922 si
329 863 372 922 ite
384 875 493 944 potens
503 875 547 922 est
555 865 692 946 Turnus,
709 877 743 922 ut
754 872 806 922 reir
816 887 848 924 se
861 865 908 924 ilii
920 869 1101 951 crediderit,

59 947 138 1009 facite
156 966 192 1010 ut
212 972 338 1010 mecum
358 950 525 1010 descendat
548 952 582 1010 in
602 949 758 1030 singulare
778 959 956 1014 certamen:
983 955 1100 1041 aeq‘u'ms

60 1038 132 1096 enirn
148 1037 264 1098 fuisset
280 1039 319 1097 ad
332 1038 508 1098 finiendum
520 1038 656 1112 bellum,
669 1037 707 1096 ad
720 1039 880 1118 pellendos
896 1045 1045 1122 Teucros,
1065 1071 1102 1115 ut

60 1144 169 1184 mecum
185 1126 252 1201 his,
266 1129 413 1204 δεικτικῶς,
429 1129 520 1186 annis
531 1125 869 1206 congrederetur,'non
881 1150 934 1188 vos
947 1152 1101 1214 suppone-

62 1225 112 1271 ret:
128 1217 255 1275 vixisset
265 1237 337 1276 sane
347 1219 398 1276 cui
410 1217 492 1276 Deus
502 1216 599 1274 vitam
613 1215 762 1292 dedisset,
777 1219 826 1278 eui
836 1239 890 1276 sua
900 1221 1014 1280 virtus:
1029 1226 1102 1303 quia

64 1302 178 1364 victoria
197 1307 377 1386 contingit,
397 1319 452 1364 aut
468 1306 563 1366 dante
578 1305 664 1366 illem
682 1299 903 1380 fortuna3'aut.
913 1317 1103 1393 unoquoque

63 1387 112 1448 sihi
126 1394 216 1454 illam
232 1397 372 1476 pariente
388 1397 516 1476 propria
529 1396 660 1454 virtute:
681 1408 710 1454 et
728 1395 799 1454 vide
817 1396 1018 1472 modestiam
1039 1421 1104 1458 non

22 1537 23 1540 ,
61 1479 113 1552 ait,
131 1481 356 1542 interfecissem
374 1481 463 1542 illum
472 1505 482 1559 ;
501 1481 568 1556 sed,
586 1483 708 1541 vixisset
724 1485 773 1542 cui
789 1484 887 1564 Deus,
912 1497 967 1544 etc.
987 1488 1104 1546 Verum

60 1562 116 1643 jam
130 1573 189 1646 ite,
205 1585 237 1630 et
248 1586 381 1632 cremate
393 1575 475 1632 cives
488 1586 623 1645 vestros3
639 1573 768 1630 miseros
780 1572 923 1652 quidem,
939 1577 1037 1654 utqui
1051 1595 1104 1656 pe·

65 1658 182 1736 rierint,
200 1683 267 1722 non
282 1684 337 1722 sua
349 1663 458 1742 culpa,
477 1684 532 1722 nee
545 1683 600 1720 suo
613 1663 647 1719 iu
664 1663 806 1742 negotio,
824 1662 875 1720 sed
893 1667 1017 1744 nuptias
1029 1665 1105 1723 dum

64 1746 159 1808 Turno
175 1763 333 1830 quaerunt.
348 1752 395 1810 Sic
407 1773 464 1832 ego
479 1749 689 1829 expendebam
704 1748 784 1808 hanc
799 1751 982 1812 orationem.
998 1753 1052 1814 Sed
1070 1754 1106 1812 li-

64 1829 156 1895 banda
170 1837 279 1918 aliqua
289 1836 329 1898 ab
340 1839 416 1898 Scal.
430 1841 482 1918 qui
496 1836 550 1896 lib.
565 1838 617 1896 ΙΙΙ.
629 1839 712 1896 Poet.
726 1858 791 1917 cap.
806 1835 861 1911 84,
877 1859 941 1896 rem
953 1851 1052 1898 totam
1064 1839 1105 1898 ad
1149 1837 1151 1846 ¹

66 1935 166 1985 tectam
179 1930 318 1987 ironiam
330 1926 451 1988 confert
459 1951 467 2002 ;
488 1939 522 1986 ut
536 1926 710 1986 'dissimulet
723 1929 832 1986 AEneas
849 1931 926 1987 cives
937 1932 1106 1990 Laurentes

68 2016 100 2074 ab
118 2039 147 2076 se
166 2019 364 2093 interfectos;
387 2039 449 2100 quo
467 2037 561 2098 scopo
579 2019 636 2090 ait,
656 2021 801 2076 Pacemne
816 2021 974 2093 exanimis,
994 2035 1022 2080 et
1039 2017 1107 2101 belii

67 2120 130 2165 sorte
140 2111 311 2188 peremptis5
326 2109 412 2187 quasi
426 2107 521 2180 dicat,
536 2126 602 2164 non
615 2126 633 2162 a
645 2125 710 2178 me,
725 2103 775 2162 sed
791 2102 903 2164 ahello
916 2129 922 2164 :
937 2107 1068 2189 equidem
1080 2121 1108 2167 et
1145 2166 1150 2170 ,
1172 2121 1176 2138 “

68 2193 130 2251 uiuis
139 2195 296 2254 concedere
308 2193 407 2265 vellem
419 2219 427 2252 :
441 2215 507 2252 nou
520 2193 614 2272 igitur
624 2211 681 2272 ego
693 2191 768 2269 belii
778 2207 905 2250 unctor:
921 2192 990 2252 ideo
1004 2195 1106 2270 addit,

68 2280 236 2342 terbellem
252 2295 518 2362 rumpenteqem,
541 2279 592 2339 sed
610 2300 683 2338 cum
700 2280 829 2338 Latino:
850 2282 947 2338 immo
964 2301 1030 2340 non
1049 2304 1106 2362 ego

69 2385 129 2424 curn
143 2367 217 2443 illo,
236 2369 288 2428 sed
305 2368 358 2428 ille
375 2385 512 2438 mecum3
532 2387 604 2424 nam
620 2385 670 2426 rex
681 2378 779 2424 nostru
793 2364 910 2446 reliquit
923 2365 1047 2446 hospitia
1053 2393 1064 2440 ,·
1079 2381 1109 2426 et

69 2452 200 2537 hospitio,
217 2461 292 2540 quia
306 2461 440 2518 Drances
454 2456 586 2528 dixerat,
605 2467 736 2534 parceret
748 2452 920 2534 hospitibus,
935 2457 990 2535 qui
1002 2471 1109 2516 tamen

42 2601 51 2622 ‚
69 2559 147 2603 erant
157 2544 274 2606 hostes.
287 2547 411 2626 AEquius
422 2545 489 2606 huic
502 2544 750 2625 Turnosneratse
758 2563 901 2623 opponere
913 2547 1017 2603 morti:
1031 2545 1108 2624 quid

71 2633 146 2690 enim
158 2634 205 2694 illi
219 2635 319 2714 majus
332 2646 453 2715 poterat
464 2635 602 2706 evenire,
623 2652 718 2711 quam
736 2631 841 2690 mors?
860 2645 941 2691 certe
958 2631 1108 2694 dedecus:

72 2718 148 2790 ideo,
165 2725 296 2804 ‹equius‚·
317 2744 390 2782 nam
408 2724 574 2782 invenisset
586 2722 620 2778 in
636 2733 736 2782 morte
752 2721 921 2799 aequiorem
935 2719 1109 2782 fortunam.

71 2807 187 2885 inillis,
210 2809 278 2872 hnic
293 2814 407 2885 Turno,
425 2809 504 2871 inest
516 2821 711 2889 contemptus
725 2827 796 2868 cum
808 2809 1033 2888 indignatione.
1049 2811 1108 2870 Sed

71 2895 125 2956 hoc
143 2901 310 2962 artificium
331 2902 485 2982 Scaligero
504 2901 667 2960 laudatum
691 2901 860 2972 evanescit,
882 2901 906 2956 si
928 2919 986 2978 pro
1009 2902 1108 2958 Turno

72 2985 202 3068 legamus
219 2995 352 3050 Turnum
357 3016 368 3064 ,·
383 3013 453 3072 quae
466 2989 593 3072 quidem
607 3001 737 3048 vernest
750 2988 851 3046 lectio.

112 3097 171 3137 120.
187 3079 233 3138 Ad
247 3080 393 3159 pietatem
403 3081 505 3138 AEneae
515 3078 752 3158 obstupescuut3
766 3074 805 3134 ab
816 3087 940 3154 stupore
953 3071 1112 3134 silentium

76 3168 222 3244 sequitur3
235 3179 266 3226 et
277 3179 400 3226 tantum
413 3167 586 3246 loquuntur
599 3187 652 3226 ore
665 3179 696 3224 et
709 3164 806 3224 oculis
818 3165 852 3220 in
865 3182 895 3219 se
908 3163 1071 3221 conversis.

115 3273 175 3314 122.
194 3256 268 3313 Post
285 3253 412 3335 aliquod
429 3254 542 3312 silentii
559 3255 709 3334 spatium,
729 3273 810 3312 unus
826 3251 975 3324 DranceS,
993 3263 1022 3308 et
1039 3252 1114 3332 quia

75 3343 176 3412 senior,
199 3354 229 3402 ct
244 3343 319 3422 quia
336 3343 463 3424 infensus
478 3345 576 3400 Turno
590 3339 627 3398 ad
640 3341 757 3398 AEnean
772 3337 929 3416 loquitur:
949 3335 1028 3396 illud
1042 3338 1115 3398 ediis

78 3429 243 3503 eterimine,
259 3442 318 3505 est,
333 3429 471 3490 infensus
484 3427 563 3488 odiis
576 3439 606 3487 et
617 3427 746 3509 proprio
764 3425 909 3511 crimine,
925 3425 1114 3504 quasiuodio-

77 3617 146 3674 pente
163 3626 232 3680 pero.
263 3607 501 3673 Subaudiendum,
527 3606 569 3660 sed
614 3603 792 3676 praestabatur
801 3603 1001 3676 auctoritem-7
1014 3601 1083 3654 Odiis
1091 3613 1118 3652 et

79 3701 134 3734 cum
144 3687 308 3758 anno:per
321 3688 395 3758 quod
404 3688 571 3762 populariter
615 3685 725 3749 crimine
748 3685 860 3734 Drances
883 3683 1005 3753 Insensus
1022 3683 1117 3754 juveni

80 3781 165 3816 eorum
176 3780 267 3838 captat
282 3769 418 3820 favorem:
432 3780 478 3820 aut
490 3780 519 3818 ut
532 3785 572 3818 se·
619 3765 716 3816 Turno.
731 3761 785 3813 dut
803 3763 849 3831 qui
865 3780 925 3812 eum
938 3760 1001 3812 odio
1014 3772 1121 3832 semper

81 3841 201 3898 ditionem
217 3867 312 3901 eorum
330 3847 470 3900 adversum
483 3865 573 3918 regem
597 3865 600 3871 ·
620 3843 884 3900 etcriminationibus
892 3842 1117 3913 persequebatur:

84 3922 190 3978 invocet.
205 3929 277 3980 Serv.
622 3937 668 3978 aut
680 3936 791 3995 propter
803 3941 881 3976 suum
893 3925 1007 3985 crimen,
1024 3921 1053 3972 id
1067 3933 1120 3984 est,

121 4021 173 4057 122.
194 4009 261 4060 Tum
274 4007 368 4059 senior.
385 4007 433 4058 Gui
452 4007 485 4059 ab
503 4017 578 4058 aetate
624 4006 767 4069 inertiam,
801 4021 881 4074 quam
903 4020 1008 4072 semper
1032 4001 1124 4052 virtuti

150 4111 179 4163 7,
921 4105 951 4139 ro
