2742 4596
254 327 317 408 ,36
614 319 680 382 oe
702 317 935 385 vinorum

234 481 238 488 .
252 445 424 514 Burmanni
440 438 564 502 Anthol.
580 437 633 500 lat.
643 440 713 500 Vol.
733 441 762 516 Ι,
777 463 846 522 pag.
864 441 931 525 371.
951 443 1109 505 demeum
1125 449 1297 529 Aproniani

253 531 432 604 correctoris
450 529 570 590 diversa
590 551 606 588 a
623 529 745 610 reliqua
764 533 915 612 scriptura
935 553 1047 593 manus
1067 538 1121 612 sit,
1141 551 1172 598 et
1189 539 1298 608 codex,

253 649 346 712 quem
358 619 590 685 emendandum
602 619 803 700 suscipiebat,
812 619 878 702 jam
891 620 1022 681 antehac
1034 626 1165 706 scriptus
1176 648 1243 687 esse
1252 629 1297 688 de·

251 717 373 786 buerit,
390 709 429 771 ad
449 728 515 768 saec.
530 707 582 780 IV,
603 719 633 766 et
647 713 827 768 remotiores
846 709 924 770 adeo
937 731 1003 771 soec.
1017 713 1044 770 ll
1058 734 1159 774 annos
1178 729 1295 776 aetatem

252 809 317 890 ejus
332 801 462 883 rejecere
477 796 649 870 viridam,
665 798 804 858 Norisius
818 797 839 857 l.
854 799 875 858 l.
894 813 925 859 et
939 803 1093 862 Bottarius
1105 803 1196 884 praef.
1214 805 1294 864 laud,

249 919 283 981 p.
294 898 335 955 ir.
344 889 427 968 Quid
435 883 1022 968 tameniireponendumhabeant‚ipsi
1031 887 1219 966 viderint‚si
1229 895 1294 973 quis

251 1006 322 1048 cum
335 983 394 1042 PP.
409 974 628 1049 benedictinis,
643 995 708 1034 non
722 974 814 1035 facile
826 976 885 1034 nisi
898 975 1069 1037 admodum
1081 999 1188 1038 recens
1200 982 1296 1062 scrip·

205 1131 209 1136 .
249 1095 318 1141 tum
331 1072 446 1132 librum
462 1062 656 1125 emendatori
668 1062 820 1124 traditum
831 1063 940 1142 fuisse,
953 1067 1138 1141 contendat;
1151 1089 1218 1150 qno
1232 1071 1294 1150 ipso

250 1165 384 1228 eflicitur
395 1155 470 1229 hoc,
482 1165 517 1212 ut
530 1173 594 1212 non
604 1152 666 1212 nisi
676 1153 758 1212 circa
770 1150 865 1212 finem
875 1172 942 1214 stec.
952 1156 980 1214 V
990 1167 1151 1215 exaratum
1163 1177 1238 1216 eum
1250 1178 1297 1218 eo-

249 1257 351 1316 dicem
363 1243 486 1306 credere
498 1239 545 1298 fas
556 1240 606 1299 sit.
616 1237 718 1316 Quid?
729 1238 829 1321 quod,
843 1241 902 1300 nisi
913 1242 1071 1323 scripturae
1083 1242 1245 1304 character
1254 1247 1296 1304 in·

248 1338 435 1408 tercederet,
448 1351 484 1391 ex
499 1327 724 1410 subscriptione
739 1328 793 1389 illa
807 1350 847 1389 ne
858 1327 919 1390 hoc
932 1331 1060 1411 quidem
1072 1344 1141 1393 tuto
1153 1353 1297 1414 pronun·

247 1437 326 1496 tiare
340 1424 448 1512 possis.
464 1417 569 1479 Solent
584 1419 669 1478 enim
681 1416 730 1478 ha
743 1417 985 1479 emendatorum
1001 1418 1250 1502 subscriptiones
1265 1423 1297 1480 in

249 1523 324 1605 ipsis
336 1509 530 1596 sequentium
546 1504 749 1566 librariorum
764 1506 1005 1588 exemplaribus,
1018 1528 1087 1589 quae
1103 1509 1171 1568 istis
1191 1529 1297 1569 ernen-

168 1648 174 1656 -
249 1605 411 1670 datoribus
427 1594 528 1658 multo
546 1595 717 1655 recentiora
734 1607 821 1669 sunt,
836 1595 948 1676 repeti3
965 1615 1028 1676 quo
1044 1597 1111 1675 ipso
1130 1598 1234 1656 omnis
1248 1617 1296 1657 ea-

247 1718 317 1760 rum
328 1691 405 1752 fides
420 1699 449 1747 et
462 1683 628 1744 auctoritas
639 1680 832 1764 infringitur.
843 1681 991 1763 Exempla
1001 1680 1065 1763 ejus
1075 1683 1135 1758 rei,
1146 1704 1187 1744 nc
1199 1685 1234 1742 in
1246 1682 1296 1743 his

246 1786 434 1852 haereamus,
450 1787 536 1856 petat
549 1771 661 1852 aliquis
675 1792 704 1830 v.
720 1792 746 1833 c.
759 1791 796 1830 ex
808 1769 968 1831 Wiltbem.
984 1770 1023 1830 ad
1035 1770 1186 1852 Diptych.
1201 1771 1295 1832 Leod.

247 1875 328 1954 App.
347 1891 378 1949 p.
397 1865 432 1941 lp,
455 1883 504 1936 ro,
525 1881 570 1920 11.
591 1859 638 1920 Cf.
659 1861 815 1920 bottarius
836 1861 870 1920 in
889 1859 977 1942 praef.
1000 1859 1039 1919 ad
1058 1861 1182 1942 Fragm.
1196 1862 1294 1922 Vatir.

245 1981 317 2042 pag.
330 1951 390 2034 xxj.
405 1948 565 2013 Zacharias
577 1945 769 2008 bibliotheca
783 1949 961 2009 Pistoriens.
973 1969 1004 2030 p.
1022 1945 1071 2024 46.
1084 1949 1131 2008 De
1150 1947 1201 2008 his
1221 1950 1293 2029 ipsis

248 2059 354 2120 autem
368 2037 607 2118 subscriptionis
623 2033 762 2095 versibus
778 2035 908 2096 eandem
923 2037 1133 2118 suspicionem
1144 2033 1212 2117 jam
1226 2040 1294 2098 Mu·

246 2134 382 2196 raterius
401 2138 588 2208 conceperat
607 2145 644 2184 ex
660 2145 712 2199 eo,
729 2124 813 2206 quod
832 2126 917 2186 binis
936 2125 1013 2186 locis
1032 2126 1126 2184 variae
1145 2125 1293 2188 lectiones

247 2246 302 2289 seu
318 2221 502 2304 glossemata
517 2213 638 2295 adjecta
653 2227 739 2288 sunt;
749 2215 827 2274 Nov.
835 2212 926 2274 Thes.
937 2215 1064 2296 lnscrip.
1075 2215 1109 2274 T.
1121 2215 1165 2290 11,
1182 2237 1213 2297 p.
1225 2219 1291 2278 662.

243 2316 329 2380 Inter
344 2307 411 2368 haec
430 2303 491 2365 alia
511 2299 679 2362 difficultas
695 2301 844 2382 objicitur
862 2304 895 2360 in
914 2299 990 2378 hoc,
1007 2302 1092 2384 quod
1106 2323 1222 2364 manus
1239 2304 1293 2364 illa

242 2401 371 2476 elaterii,
386 2418 438 2458 seu
454 2393 560 2454 Turcii
571 2393 654 2453 Rufii
666 2393 852 2474 Aproniani,
875 2394 1000 2474 appicta
1017 2413 1084 2452 non
1097 2405 1155 2470 est,
1170 2397 1234 2454 nisi
1253 2396 1291 2456 ad

241 2492 362 2557 calcem
380 2481 617 2546 Bucolicorum:
636 2501 699 2562 quo
718 2481 792 2541 satis
809 2495 915 2562 patere
933 2479 1071 2555 videtur,
1087 2501 1144 2540 nec
1159 2481 1290 2544 ulterius

244 2581 309 2662 ejus
328 2594 457 2658 operam
477 2572 674 2654 processisse;
689 2570 808 2652 alioqui
823 2569 883 2630 sub
902 2569 998 2630 finem
1017 2571 1243 2651 Georgicorum
1261 2588 1292 2636 et

243 2665 380 2730 AEneidis
407 2683 472 2723 non
495 2663 600 2720 minus
625 2659 811 2741 subscriptio
836 2659 891 2720 illa
912 2661 1149 2742 apposita-esse
1176 2660 1291 2723 debue-

243 2741 303 2822 rat.
324 2757 387 2812 Aut
409 2752 434 2809 si
457 2761 561 2808 totum
584 2768 664 2829 opus
685 2767 702 2806 e
723 2749 901 2808 recensione
924 2749 1104 2829 Aproniana
1127 2761 1291 2830 tamquam

243 2837 461 2926 apographum
481 2835 670 2916 descriptum
691 2855 755 2894 esse
773 2833 900 2909 dixeris,
919 2834 961 2916 ab
979 2835 1099 2894 incuria
1116 2834 1241 2896 librarii
1258 2839 1291 2896 in

241 2929 371 3012 reliquis
389 2925 493 3008 operis
508 2920 649 3004 partibus
666 2921 921 3004 subscriptionem
938 2923 1084 2983 omissam
1100 2941 1165 2982 esse
1183 2922 1290 2984 dicen·
1358 2991 1359 3002 ,

242 3021 318 3081 dum
333 3030 387 3078 est.
397 3017 440 3074 Ut
451 3013 512 3073 hoc
530 3011 663 3071 alterum
677 3011 802 3074 mallem
816 3012 953 3088 factum,
970 3026 1110 3073 moverat
1122 3033 1174 3072 me
1188 3015 1290 3075 Julius

242 3110 390 3182 Sabinus,
404 3106 459 3187 qui
469 3102 508 3162 ad
520 3103 679 3162 AEneidem
692 3105 808 3183 passim
818 3104 1031 3185 Apronianam
1046 3101 1213 3163 lectionem
1226 3105 1290 3165 lau·

239 3198 302 3258 dat.
314 3199 355 3256 Et
366 3195 513 3256 convenit
528 3213 590 3250 una
602 3205 632 3250 et
646 3191 743 3252 altera
755 3191 869 3253 harum
878 3192 1048 3258 lectionum
1060 3214 1133 3253 cum
1143 3193 1288 3254 emenda-

240 3289 327 3345 tione
338 3287 370 3343 in
380 3281 520 3344 Mediceo
531 3280 637 3341 codice
649 3283 757 3362 priscae
772 3284 932 3363 scripturae
945 3282 1124 3357 substituta,
1137 3302 1167 3342 v.
1181 3304 1209 3343 c.
1220 3284 1288 3343 AEn.

240 3375 269 3448 l,
279 3373 348 3432 636.
358 3373 426 3430 Hoc
436 3384 597 3451 sequutus,
608 3371 715 3430 multis
723 3373 756 3430 io
766 3369 842 3432 locis
854 3371 892 3430 ad
900 3370 1060 3431 AEneidem
1073 3372 1289 3450 Apronianum

239 3461 407 3520 lectionem
420 3479 456 3518 ex
470 3459 487 3517 J
491 3458 556 3518 ulio
568 3457 682 3520 Sabino
694 3460 834 3520 excitavi.
847 3460 1015 3520 Enimvero
1027 3461 1060 3518 in
1073 3458 1144 3518 aliis
1157 3461 1200 3540 (r)
1213 3460 1289 3520 locis

178 3569 182 3574 ’
238 3548 454 3630 Apronianam
467 3546 634 3608 lectionem
647 3546 768 3608 nullam
781 3547 846 3608 vidi
861 3567 926 3608 esse
941 3547 1050 3622 aliam,
1067 3567 1164 3628 quam
1177 3551 1289 3629 genui·

236 3657 313 3698 nam
328 3633 459 3695 Medicei
476 3634 593 3695 codicis
608 3635 788 3712 lectionem,
806 3657 875 3719 quae
893 3635 972 3698 adeo
988 3637 1172 3718 Aproniano
1190 3637 1288 3698 tribui
1357 3691 1358 3700 ,

237 3722 433 3788 nullomodo
448 3736 564 3806 potest,
576 3745 674 3804 quum
686 3728 711 3785 is
723 3741 845 3786 tantum
856 3728 1024 3787 correxerit
1035 3725 1168 3800 librum,
1181 3729 1206 3786 si
1221 3749 1288 3786 mo-

238 3812 279 3871 do
299 3813 446 3888 correxit,
462 3832 528 3872 non
547 3808 751 3894 descripserit.
766 3813 849 3892 Quid
868 3815 965 3895 igitur
977 3813 1080 3874 Julius
1097 3812 1233 3875 Sabinus
1252 3817 1285 3873 in
1357 3885 1358 3890 η

270 3962 310 4035 (ι)
323 3963 356 4013 V.
372 3979 395 4012 c.
409 3961 466 4012 AEn.
480 3965 516 4028 11,
532 3961 579 4028 51,
591 3965 671 4036 serim
686 3965 752 4036 657,
770 3966 886 4038 elsam
901 3967 950 4031 111,
966 3967 1029 4030 3363
1046 3967 1092 4033 1v,
1107 3983 1139 4036 9,
1155 3984 1204 4036 27,
1216 3966 1283 4034 314,
1357 4017 1358 4020 ,

235 4043 301 4118 436,
315 4042 379 4112 464,
393 4039 440 4095 551
452 4061 459 4104 ς
471 4041 521 4112 IX,
535 4043 593 4107 ari.
