2726 4592
397 303 741 375 DISCEPTATIO.

152 427 242 486 Prima
253 429 392 502 Syracosio
403 430 512 503 dignata
524 444 562 484 est
574 431 665 484 ludere
677 451 756 486 versu

155 515 267 577 Nostra,
278 529 365 583 neque
377 513 482 566 erubuit
495 513 581 585 sylvas
591 512 714 565 habitare
726 513 833 583 Thalia,

38 627 147 689 Culex
159 635 434 700 commemoratur,
448 648 540 709 quem
554 625 652 686 tribus
664 640 736 687 ante
748 632 837 689 annis
849 631 971 700 luserat.

87 717 190 776 Video
210 717 284 798 quid
305 731 462 777 occurrat:
486 717 600 798 Ecloga
619 715 700 792 haec,
719 716 820 777 Prima
833 723 1000 805 Syracosio,
1019 756 1092 818 post

43 807 208 886 Tityrum,
229 824 297 884 quae
314 805 450 884 primum
470 807 500 863 in
518 806 654 865 editione
670 805 773 865 locum
790 805 899 884 habet,
919 827 1092 900 composita

41 909 101 956 est.
113 896 153 954 At
162 895 245 953 enim
256 906 335 952 stare
345 915 410 953 non
423 908 523 975 potest
533 895 593 954 ista
606 896 685 954 ratio
698 917 704 952 :
719 912 869 975 repugnat
883 901 1005 967 Servius
1019 913 1092 978 locis

44 983 185 1044 duobus
208 984 231 1042 l.
249 985 279 1045 V
277 986 360 1064 iqinti
373 997 435 1044 octo
450 1003 593 1043 antrorum
606 986 717 1065 scripsit
728 983 867 1045 Bucolica
882 993 1040 1073 Virgilius:
1051 1017 1094 1066 'at

43 1075 193 1155 Tityrum
206 1092 270 1130 non
281 1073 402 1152 scripsit
415 1073 475 1130 nisi
487 1085 555 1152 post
567 1071 791 1132 triumviralem
802 1095 945 1155 agrorum
957 1082 1094 1166 largitio.

43 1182 136 1235 nem,
160 1179 230 1241 quae
245 1181 327 1219 anno
341 1161 375 1219 U.
392 1161 425 1220 G.
440 1181 511 1242 710,
530 1161 653 1239 Virgilii
670 1160 722 1234 30,
742 1159 819 1220 facta
836 1177 887 1222 est.
903 1167 941 1228 ll.
955 1171 1094 1239 Silenum

40 1249 171 1309 aud-ivit
189 1247 310 1322 Cicero,
330 1269 426 1328 quum
445 1250 476 1306 in
491 1247 610 1307 theatro
628 1252 1021 1331 cantareturaCytheride:
1040 1267 1093 1326 sed
1111 1279 1112 1284 ’

44 1341 141 1422 periit
164 1339 287 1410 Cicero,
308 1327 438 1397 exeun'te
458 1359 540 1396 anno
560 1340 598 1397 U.
612 1338 644 1397 C.
659 1359 730 1420 711,
751 1340 873 1418 Virgilii
894 1345 940 1402 28.
956 1349 1096 1416 Audierit

44 1449 149 1488 necne
161 1427 299 1486 Silenum
311 1428 448 1502 Tullius,
461 1449 525 1486 non
539 1449 663 1508 quaero:
679 1442 831 1509 acceperat
845 1431 971 1509 quidem
984 1441 1022 1497 ab
1038 1465 1093 1503 an.

44 1517 160 1599 tiquis‚
178 1527 212 1573 ut
225 1515 379 1595 loquitur,
396 1518 694 1576 comn‘rentatoribus
708 1518 842 1592 servius,
861 1520 1007 1604 Eclogam
1022 1533 1096 1593 Sile.

44 1627 125 1667 num
138 1607 284 1685 scriptam
297 1605 392 1664 fnisse
402 1621 473 1665 ante
483 1607 640 1665 Ciceronis
651 1608 788 1678 obitum,
799 1628 835 1664 ac
847 1613 978 1688 proinde
989 1619 1095 1703 Tityro

44 1697 206 1778 priorem:
227 1691 284 1751 hoc
304 1694 404 1774 ipsum
424 1696 456 1752 in
476 1693 570 1753 Sileni
593 1694 725 1774 prologo
748 1695 903 1774 professus
924 1715 969 1760 est
991 1727 1095 1788 aperte

45 1783 215 1862 Virgilius3
232 1780 315 1861 qtrod
330 1784 354 1840 si
369 1784 436 1862 quis
449 1803 511 1840 non
526 1783 621 1857 videt,
639 1782 785 1842 mirabor.

85 1875 232 1933 Primum
249 1886 350 1930 tamen
369 1874 400 1930 in
419 1873 539 1954 Erlogis
558 1873 659 1932 lorum
672 1874 796 1954 Tityrus
814 1894 957 1957 occupat,
976 1885 1095 1952 Silenus

44 1975 185 2030 sextum3
197 1979 288 2017 sane:
303 1959 407 2017 locum
419 1961 503 2018 enim
515 1961 680 2040 assignarit
693 1961 755 2019 illis
767 1976 876 2022 auctor
887 1987 979 2045 quem
993 1973 1096 2056 libuit3

44 2071 151 2132 neque
173 2068 210 2106 eo
232 2046 384 2127 disposuit
405 2047 514 2106 ordine
533 2069 595 2128 quo
615 2049 794 2129 scripserat,
818 2051 878 2110 nisi
898 2051 1038 2138 Gallum,
1061 2081 1097 2127 ut

42 2137 297 2201 animadvertere
305 2133 371 2215 jam
387 2135 451 2195 alii.
524 2167 528 2172 ·

84 2231 196 2298 Nunc,
216 2237 250 2282 ut
271 2221 448 2304 recolligam
471 2223 695 2306 ostendamque
712 2222 853 2300 tandem,
873 2230 930 2290 ista
946 2255 1096 2314 quorsum
1193 2303 1197 2311 ,

42 2309 482 2401 pertineant,vide0rnullum
493 2313 649 2393 reliquisse
657 2312 1095 2403 perfugiumopinioni,quam

43 2409 83 2467 de
93 2402 273 2482 Virgiliano
283 2400 388 2460 Culicc
399 2413 644 2480 praeconceptam
658 2397 773 2456 habent
784 2401 838 2479 qui
849 2401 984 2465 Culicem
998 2408 1096 2490 hunc,

43 2512 141 2577 quem
157 2486 312 2559 videmus,
327 2488 388 2544 vati
404 2489 537 2546 inaximo
552 2486 785 2566 adscribiposse
798 2487 998 2554 arbitrantur.
1019 2501 1105 2560 Eam'

43 2578 179 2664 quidem
192 2575 343 2646 naeniam,
359 2575 390 2630 in
405 2595 465 2653 qua
476 2575 516 2652 (1)
530 2573 619 2653 stylus
631 2575 740 2632 enervis
749 2587 778 2633 et
787 2595 889 2655 vagus,
903 2577 1023 2642 obscura
1034 2609 1096 2647 sen.

43 2671 154 2740 tentia,
168 2665 281 2724 nantem·
293 2659 436 2736 dissoluti,
451 2661 533 2735 laxa,
546 2662 642 2736 iluna,
655 2661 816 2720 barbarica
829 2671 1031 2749 compositio,
1045 2698 1096 2756 pa.

43 2780 117 2820 rum
132 2775 198 2815 esse
211 2751 415 2831 Virgilianam
426 2773 491 2812 non
502 2750 691 2810 dilfttentur:
704 2762 735 2808 at
746 2749 956 2814 rudimentum
969 2758 1028 2821 hoc
1037 2781 1095 2842 est,

42 2846 213 2928 inquiunt,
225 2837 429 2899 balbutientis
440 2840 537 2920 pueri.
549 2842 613 2919 Ego
625 2837 760 2897 Culicem
773 2838 872 2898 fateor·
882 2843 1095 2913 rudimentum

41 2939 141 2996 fuisse
154 2929 294 3008 Virgilii;
307 2928 389 3008 quod
406 2951 468 3010 quo
482 2931 519 2988 sit
533 2926 769 3008 intelligendum
782 2948 888 3004 sensu,
901 2953 974 2994 mox
987 2940 1095 3002 edisse.

41 3044 133 3085 ram:
152 3016 207 3078 sed
221 3017 308 3097 pueri
324 3016 537 3076 rudimentum
556 3037 618 3075 non
637 3017 743 3092 fuisse,
758 3016 831 3078 satis
846 3023 981 3098 ostendi3
995 3028 1092 3090 imum

42 3133 120 3173 vero
137 3105 237 3184 adulti
249 3102 385 3184 juvenis,
402 3102 508 3181 etjam
522 3116 587 3161 tum
602 3103 736 3183 Virgilii.

81 3195 172 3276 Quid
185 3193 268 3274 quod
281 3191 444 3272 Virgiliani
455 3191 584 3265 Culicis,
595 3207 689 3272 atque
701 3191 791 3272 liujus
802 3195 954 3258 barbarici
966 3209 1093 3267 materia

42 3289 156 3350 eadem
175 3281 316 3341 nonest?
332 3281 481 3362 Virgilius
493 3283 535 3360 (a)
553 3279 690 3340 Culicem
708 3282 842 3343 faciebat
857 3305 873 3344 e
889 3287 1002 3367 palude
1018 3317 1092 3375 pro.

42 3380 227 3440 volantem:
250 3371 300 3430 hic
319 3391 471 3452 nusquam
496 3369 618 3451 paludis
640 3373 767 3431 mentio.
791 3375 979 3454 Virgilianus
999 3385 1094 3448 Culex

42 3464 164 3550 pastori
180 3464 254 3520 inter
264 3458 322 3518 duo
337 3472 464 3540 tempora
477 3456 593 3539 figebat
605 3459 758 3518 aculeum.
774 3463 884 3542 Operae
899 3471 1031 3547 pretium
1047 3491 1093 3536 est

43 3548 297 3615 animadvertere
310 3545 393 3606 hunc
411 3547 516 3606 locum
533 3545 647 3628 quibus
660 3549 816 3607 ornaverit
830 3552 985 3616 coloribus
998 3563 1091 3644 scrip-

45 3659 93 3703 tor
105 3637 280 3708 harbarus3
296 3655 323 3692 v.
343 3635 391 3692 181
403 3657 411 3708 3
424 3635 494 3693 Vol.
506 3637 547 3704 V3
564 3656 633 3715 pag.
646 3631 680 3706 lu
696 3656 702 3690 :
1026 3641 1029 3646 '

153 3763 283 3816 Paruulus
295 3761 368 3811 hunc
380 3763 454 3831 prior
465 3762 584 3814 humoris
597 3773 730 3814 conterret
742 3763 876 3834 eluuntur,

154 3845 189 3895 Et
201 3853 314 3892 mortem
326 3842 410 3891 vitare
422 3853 512 3892 monet
524 3860 573 3912 per
584 3841 719 3903 acrimina5
732 3861 847 3914 namque

77 4026 119 4095 (r)
134 4023 242 4084 Ruoeus,
260 4019 303 4070 uti
315 4037 400 4089 supra.
437 4018 477 4093 (a)
490 4021 585 4072 Donat.
601 4020 662 4074 Vita
675 4021 747 4093 Virg.

98 4140 103 4152 .
119 4127 145 4179 7,
