2726 4592
249 275 312 361 372
493 273 527 334 r.
551 239 783 334 vmcm'n
806 269 1037 339 Minonis

350 399 461 452 Divinos
473 409 547 447 vates
558 393 637 465 longe
649 395 798 464 superavit,
811 405 837 448 et
848 406 904 447 arte

350 481 468 543 Aureus,
481 473 630 526 immortale
642 491 754 535 sonans3
767 486 856 545 stupet
868 477 939 544 ipsa,
950 489 1099 548 pavetque,

351 560 478 628 Quamvis
490 559 623 628 ingentem
635 555 745 606 miretur
758 555 861 607 Graecia
872 557 1025 608 Homerum.

245 699 392 782 Expende
403 699 514 759 verba:
528 698 580 756 dat
592 696 719 756 Graeciae
732 711 905 780 stuporem,
919 719 1132 780 pavoremque
1150 701 1190 762 de
1203 725 1289 786 opere

245 790 436 872 Virgiliano,
457 787 495 848 de
515 787 682 848 Homerico
704 799 827 846 tantum
851 787 1103 850 admirationem.
1127 793 1291 857 Mattheus
1350 791 1351 832 t

246 877 402 940 Tuscanus
417 879 460 937 ita
472 876 599 938 cecinit:
664 903 667 908 ·
996 888 1001 898 ·

349 1023 489 1096 Virgilium
502 1021 566 1073 caelo
578 1020 694 1072 Phoebus
706 1019 825 1086 demisit,
837 1032 868 1070 ut
879 1032 962 1086 esset,

384 1102 526 1153 Maeoniam
538 1111 629 1169 posset
641 1099 687 1168 qui
699 1107 825 1168 superare
837 1098 938 1150 tubam.

349 1182 382 1234 Se
393 1182 465 1232 vinci
476 1192 506 1230 ut
517 1180 611 1242 sensit,
625 1189 689 1228 tunc
701 1176 809 1228 emulus
822 1179 879 1248 ipse
892 1193 1020 1228 canorum

383 1260 452 1312 Ante
465 1257 536 1310 diem
548 1257 631 1328 stygio
643 1257 735 1308 mersit
746 1257 774 1306 in
787 1274 864 1308 amne
876 1268 965 1327 caput,

245 1397 303 1460 Sed
318 1398 388 1478 quis
404 1393 536 1476 explicet
551 1393 679 1454 uberem
695 1369 905 1472 eloquentiam
923 1389 1070 1470 Scaligeri
1087 1390 1123 1450 in
1139 1389 1205 1453 hoc
1219 1415 1293 1476 pra·

244 1486 339 1545 conio
354 1481 477 1563 Virgilii
496 1478 713 1540 decantando?
728 1497 822 1538 nemo
837 1477 893 1538 illo
910 1479 1069 1550 ornatius,
1087 1481 1293 1560 exquisitius,
1350 1529 1351 1538 ,

244 1571 449 1654 singularius,
470 1568 608 1629 doctius:
625 1589 660 1628 ex
676 1568 731 1628 illo
745 1566 920 1628 convulsim
936 1565 1070 1646 excerpsi
1083 1567 1155 1624 ista.
1169 1591 1184 1622 n
1195 1571 1294 1652 virgi.

241 1660 305 1722 lius
327 1675 442 1733 artem,
461 1657 500 1718 ab
522 1659 660 1716 Homero
682 1655 792 1714 rudem
814 1668 991 1736 acceptam,
1013 1650 1156 1712 lectioris
1178 1670 1295 1718 naturae

244 1749 353 1810 studiis
372 1764 464 1828 atque
481 1745 602 1826 judicio
626 1743 665 1804 ad
687 1765 847 1803 summum
865 1743 975 1822 eatuli't
992 1740 1158 1820 fastigium
1175 1746 1293 1824 perfec·

242 1837 354 1906 tionis3
368 1834 515 1914 quodque
529 1833 692 1914 perpaucis
703 1830 813 1891 datum
828 1844 889 1906 est,
901 1828 999 1889 multa
1013 1827 1212 1891 detrahendo
1224 1833 1295 1894 fecit

244 1923 440 1982 auctiorem»
453 1943 459 1978 :
475 1916 589 2000 quibus
600 1919 663 1994 ait,
675 1921 797 2000 poesim
811 1918 920 1978 rudem
932 1916 1072 1977 relictam
1086 1914 1129 1975 ab
1142 1919 1296 1996 Homero,

243 2008 413 2092 perfectam
427 2005 605 2087 aVirgili03
622 2019 651 2065 et
665 2027 819 2083 caussam,
838 2007 913 2086 quia
930 2005 1042 2064 Latino
1060 2001 1174 2064 lectior
1185 2021 1296 2068 natura

244 2113 275 2160 et
286 2099 446 2180 judicium.
460 2099 564 2180 Pergit
576 2097 708 2178 Scaliger
721 2121 727 2156 :
742 2097 861 2173 thudit
873 2098 1043 2178 Homerus,
1057 2095 1190 2177 collegit
1200 2101 1298 2181 Virgi-

243 2189 324 2250 lius:
339 2187 391 2248 ille
404 2189 532 2270 sparsit,
545 2186 596 2248 hic
613 2183 797 2270 composuit.
809 2214 823 2244 n
840 2185 941 2267 Hujus
957 2183 1122 2266 subjungit
1139 2189 1297 2249 rationem

243 2279 342 2354 hanc:
354 2282 438 2361 quia,
449 2281 546 2360 quum
555 2281 710 2338 Homerus
718 2280 806 2338 rvitae
816 2289 928 2336 nostrae
939 2274 1014 2334 duas
1025 2275 1202 2338 instituerit
1208 2281 1298 2339 ratio·

244 2392 300 2432 nes
310 2416 318 2447 ,
329 2368 451 2430 civilem
463 2369 663 2451 prudentiam
673 2373 707 2427 in
717 2357 854 2448 Odyssea
864 2411 872 2441 ,
883 2364 1050 2425 militarem
1061 2365 1094 2422 in
1105 2363 1225 2444 Iliade,
1239 2390 1299 2430 eas·

245 2478 305 2538 que
318 2471 469 2538 tanquam
481 2456 557 2516 duas
569 2459 686 2537 species
700 2458 733 2514 in
745 2455 868 2514 duobus
881 2455 955 2512 viris
966 2449 1173 2530 ostendisset,
1184 2457 1221 2522 in
1233 2479 1297 2518 uno

243 2539 411 2626 utramque
427 2547 521 2605 AEnea
539 2547 718 2628 composuit
734 2546 842 2604 Maro:
862 2544 913 2602 cui
932 2544 1026 2601 etiam
1045 2543 1197 2622 pietatem
1215 2546 1299 2606 addi-

247 2633 310 2692 dit:
322 2660 335 2689 n
351 2635 424 2715 quia
436 2633 580 2694 videlieet
600 2647 684 2694 caret
700 2635 815 2714 pietate
830 2635 994 2692 Homerus.
1010 2631 1128 2691 Redeat
1146 2635 1298 2718 Scaliger:

247 2747 264 2780 a
276 2725 404 2782 Homeri
419 2745 467 2784 res
487 2745 519 2783 re
533 2715 820 2806 Virgilianalonge
838 2723 942 2782 minor
960 2733 1028 2781 est:
1049 2737 1182 2802 superat
1199 2727 1299 2785 nitore

244 2811 429 2872 Homerica:
445 2825 490 2872 est
503 2809 620 2891 majore
633 2809 716 2886 mole
731 2823 761 2871 et
776 2824 905 2872 ornatu:
922 2811 1036 2892 pictior
1050 2821 1114 2886 est,
1131 2826 1230 2895 atque
1244 2836 1301 2874 nu·

245 2901 339 2959 meris
349 2899 538 2960 adstrictior:
550 2920 620 2980 quae
631 2893 704 2970 sunt¹
713 2897 881 2980 magnifica
892 2901 925 2959 in
934 2902 1084 2972 Homer0,
1095 2920 1164 2960 non
1175 2917 1303 2984 aequant
1350 2969 1351 2980 2

246 2989 498 3070 magnitudinem
514 2987 648 3068 Virgilii.
664 2989 824 3049 Homerici
843 3008 949 3048 versus
964 2990 997 3046 in
1017 3002 1117 3064 terra,
1132 2991 1303 3072 Virgiliani
1350 2991 1351 3000 ’

246 3081 330 3137 inter
340 3079 443 3138 Musas
458 3099 476 3136 a
485 3073 612 3136 ,Phoebo
624 3077 697 3136 facti
709 3076 872 3138 videntur:
886 3077 938 3138 ille
951 3077 1111 3138 Graeculus
1121 3081 1304 3155 circulator,

247 3170 275 3226 is
287 3169 377 3248 regiae
388 3166 538 3226 orationis
553 3178 675 3226 auctor:
690 3187 759 3247 quae
774 3169 808 3226 in
821 3165 876 3227 illo
888 3179 961 3228 sunt
972 3169 1159 3248 exsanguia,
1173 3167 1230 3232 hic
1243 3171 1306 3229 ani-

248 3265 328 3313 mat:
343 3255 377 3312 in
393 3255 448 3314 illo
465 3266 589 3314 mortua
604 3269 652 3315 est
666 3276 742 3332 vox,
758 3259 792 3317 in
806 3255 866 3316 hoc
882 3258 969 3316 viva:
985 3256 1147 3316 interdum
1163 3273 1306 3318 coarctat

249 3339 380 3399 effusam
392 3343 521 3402 Homeri
536 3339 726 3418 dictionem,
740 3342 899 3402 interdum
915 3341 1009 3402 ditat:
1025 3341 1152 3402 nudum
1171 3347 1306 3406 Homeri

250 3429 430 3510 subtegmen
445 3430 553 3490 divina
566 3442 666 3492 trama
681 3433 799 3514 pingit:
814 3435 1008 3514 persequitur
1021 3432 1177 3512 Virgilius
1194 3429 1305 3496 omnia

250 3537 318 3576 non
328 3518 395 3576 sine
408 3517 461 3576 illa
475 3539 529 3578 sua
543 3514 722 3594 divinitate,
738 3533 788 3594 ut,
804 3540 871 3580 non
885 3533 949 3579 tam
960 3521 1099 3578 imitatus
1109 3521 1305 3599 Homerum,

251 3625 346 3685 quam
356 3623 413 3662 nos
427 3604 585 3680 docuisse,
599 3627 662 3686 quo
672 3605 768 3666 modo
777 3606 830 3665 ille
839 3606 942 3668 dicere
952 3604 1127 3682 debuisset,
1138 3609 1303 3671 videatur:

251 3707 296 3751 est
304 3692 397 3772 longe
407 3687 526 3771 majore
540 3713 617 3753 sono
633 3709 663 3754 et
674 3695 824 3755 efficacia.
834 3695 985 3776 Virgilius
1000 3697 1153 3778 magister
1164 3714 1229 3774 est,
1244 3703 1305 3760 Hc·

251 3800 355 3840 merus
365 3779 551 3860 discipulus:
564 3781 667 3842 videas
677 3784 711 3842 in
721 3783 776 3844 illo
787 3785 948 3844 materiam
958 3809 966 3860 3
976 3787 1010 3844 in
1020 3784 1083 3845 hoc
1096 3787 1258 3849 formam:
1271 3792 1303 3848 in

252 3868 308 3927 illo
323 3868 519 3946 congeriem,
534 3870 565 3926 in
579 3868 640 3930 hoc
651 3871 888 3955 dispositionem
902 3897 909 3931 ι
925 3874 1017 3934 illum
1029 3877 1104 3935 satis
1120 3875 1260 3955 habere,
1280 3880 1303 3936 si

251 3966 369 4026 narret3
382 3951 468 4012 hunc
480 3973 547 4014 rem
556 3956 656 4034 ipsam
667 3959 803 4022 formare
813 3960 929 4024 verbis:
942 3975 1030 4025 tanto
1042 3963 1133 4044 prior
1145 3978 1190 4026 est
1204 3966 1304 4026 suavi·
