2654 4590
297 296 349 359 IN
372 295 608 364 AENEI'DOS
632 301 724 364 LIB.
749 301 810 369 IX.
1028 311 1064 381 51

16 429 17 432 ’
45 427 83 516 tpr
93 412 160 474 iilos
172 428 335 498 tympana
346 415 455 478 deoont
466 432 495 478 et
508 418 621 496 buxus3
634 441 698 480 non
712 441 796 482 orme
811 437 841 484 et
854 423 984 504 ferrum,
1002 450 1071 512 quoe

43 523 166 566 nmium
177 519 267 568 sunt.

72 593 132 652 fior.
145 596 308 672 Perculit,
320 609 355 656 ut
367 616 424 677 par
434 611 511 674 erut,
524 599 686 659 Ascanium
697 601 830 663 Numani
842 604 943 683 furor,
956 612 1072 694 quippe

43 681 196 763 principem
210 707 217 744 :
232 705 315 766 ergo
326 705 392 744 non
404 685 476 744 tutin
481 683 641 770 jaetantem
647 735 656 763 ‚
676 703 763 749 notat
775 713 905 768 vanum,
924 711 1073 760 canentem

43 767 104 842 diro,
122 785 211 832 notae
227 773 488 834 abominandum»
499 795 664 857 augurem:
688 779 814 840 adhibet
828 782 939 843 deinde
955 801 1074 866 gestum

43 858 244 919 contendentis
262 883 373 920 arcum
393 863 435 920 ita
452 863 567 938 vivide,
590 877 628 923 ut·
641 874 727 946 putes
744 879 930 930 secernere:
955 875 1076 936 intendit

45 941 114 1002 etim
122 967 212 1005 nervo
222 951 337 1029 equino
342 972 354 1022 ,·
364 947 461 1008 factus
470 951 583 1011 seilicet
592 973 704 1012 nervus
713 973 748 1012 ex
759 957 827 1014 setis
838 959 971 1036 equinis,
983 961 1077 1042 idque

44 1027 170 1106 obuersus,
184 1055 253 1114 epiro
271 1037 419 1116 exprimit
433 1050 569 1118 genum:
585 1057 657 1098 nem
670 1041 853 1120 joculatores
866 1044 1027 1120 obvertunt,
1044 1048 1077 1107 id

44 1133 87 1192 est,
99 1135 224 1183 vertunt
236 1139 352 1185 eontra
362 1146 393 1185 se
403 1147 522 1202 areum,
533 1132 706 1189 contenturi
718 1131 822 1190 iilum:
835 1153 903 1192 mox
917 1134 1023 1196 ducens
1032 1137 1077 1196 di-

45 1210 260 1288 umbrantia,
274 1235 383 1275 noune
395 1214 445 1276 hie
456 1220 553 1278 cernis
566 1217 726 1279 hominem
739 1235 948 1302 comparatum
959 1225 1023 1304 jam
1038 1227 1077 1286 ad

46 1299 141 1361 ictum?
158 1317 189 1364 et
209 1318 303 1374 stans
316 1308 411 1387 coepit
425 1309 534 1368 Jovem
548 1311 675 1390 precari,
694 1309 729 1369 ln
746 1309 795 1370 his
810 1315 970 1388 omnibus,
985 1331 1077 1396 atque

45 1387 162 1454 etiamin
176 1393 432 1472 praeoedeniibus
447 1398 698 1477 insequentibus,
720 1399 859 1480 expendo
881 1415 1078 1480 apparatum,

46 1496 96 1553 quo
107 1481 230 1541 Ascanii
245 1483 328 1542 intus
338 1483 489 1560 infertum·
499 1499 537 1545 ue
546 1485 691 1549 reddatur
702 1488 755 1548 iile
765 1492 929 1570 nrprio'nroe':
943 1492 985 1548 sir
999 1491 1080 1550 vide·

45 1561 100 1626 lieet
112 1572 254 1649 primum
269 1574 385 1634 vulnus
398 1573 493 1654 hujus
507 1579 669 1660 principis,
691 1599 755 1638 non
778 1579 866 1638 aiiter
884 1581 1079 1640 inferendum

47 1669 111 1716 erat:
122 1671 150 1720 et
160 1681 235 1723 vene
247 1667 396 1746 usquein
406 1665 534 1742 Grecis,
546 1685 647 1749 neque
656 1671 814 1729 inLotinis
825 1670 970 1730 omnibus
980 1671 1080 1732 simile

47 1747 206 1828 quidpiam.

77 1837 137 1897 625.
149 1840 335 1921 Sequuntur
345 1861 448 1922 preces
460 1856 531 1900 ante
543 1845 655 1919 ictum,
667 1845 705 1902 uti
713 1847 858 1926 anpiter
869 1845 1081 1927 annuatjuve-

47 1920 92 1980 nili
109 1925 264 2002 sodada,
286 1929 399 2009 utqui
418 1931 614 2009 omnipotens
635 1941 756 2010 praestet
777 1933 924 1992 virtutem·
942 1933 1003 2008 itii,
1025 1935 1080 2014 qui

47 2027 141 2088 parum
155 2029 281 2096 potest:
294 2018 325 2076 εἰΖ
333 2018 491 2093 annueris,
504 2019 661 2100 iuppiter,
677 2023 734 2101 ipse
737 2022 850 2104 ferani,
866 2043 929 2081 non
943 2021 1006 2102 jam
1023 2045 1080 2104 pro

48 2115 88 2156 me
98 2115 180 2179 pater·
191 2103 291 2178 doira,
307 2123 376 2185 quse
391 2105 447 2163 tibi
463 2123 526 2164 esse
541 2105 641 2164 solent
653 2105 814 2168 solemnia:
829 2107 942 2168 deinde
955 2123 1081 2170 statuunt

42 2179 184 2266 immun
202 2206 278 2252 ante
298 2213 364 2251 aras
386 2206 466 2252 tuos:
487 2191 571 2254 hune
591 2195 791 2255 commendat
812 2196 1039 2278 multipliciter:
1063 2220 1081 2258 a

50 2275 151 2354 colore3
171 2298 255 2341 narn
271 2281 460 2341 amentem.-
484 2282 523 2341 ab
542 2279 670 2356 ornatu,
695 2283 764 2342 ideo
783 2298 887 2344 aurata
895 2287 996 2368 fronte
1008 2283 1081 2344 :eb

50 2379 139 2443 etate,
148 2372 542 2453 nnmfiereteoputporsum
552 2386 662 2431 matre:
676 2392 692 2429 o
704 2375 908 2451 generositate
918 2385 947 2431 et
956 2375 1084 2447 virtute,

52 2474 168 2534 quarum
182 2455 305 2520 indicia
317 2482 413 2520 corno
421 2474 529 2540 petere,
542 2481 664 2520 arenam
678 2479 817 2542 sporpere.
831 2459 930 2537 Quid,
943 2459 1026 2540 quod
1034 2461 1084 2541 fe-

52 2561 115 2617 mm,
127 2559 300 2608 erroreum
313 2549 519 2626 signatissime
533 2549 611 2606 inre
625 2545 728 2606 sacre?
779 2563 783 2572 ·
1009 2569 1012 2574 ·

84 2632 145 2692 630.
159 2635 346 2694 Audiuntur
359 2655 462 2714 preces
475 2657 481 2692 ι
496 2633 569 2692 inde
583 2633 622 2692 ab
634 2635 711 2694 laeva
726 2633 760 2692 fit
772 2634 919 2707 tonitrus,
935 2643 964 2690 et
976 2653 1082 2692 sereno

54 2719 129 2797 celo,
141 2723 229 2804 qnod
245 2722 477 2806 prodigiosum
491 2743 637 2782 unacum
652 2727 771 2782 tonitru
784 2743 869 2782 arcus
882 2721 1084 2803 disploditur,
1097 2733 1101 2738 “

55 2806 148 2890 inquo
162 2831 252 2870 mors
266 2820 366 2870 ceno:
382 2811 495 2891 sagitto
506 2809 631 2891 effugit3
645 2809 790 2882 elabitur,
810 2808 1001 2868 horrendum
1015 2810 1087 2868 stri*
1143 2831 1146 2836 ·

82 2978 136 3031 tiro.
153 2981 332 3052 deditefenn.
349 2979 543 3033 Serviusintei-
588 2991 704 3031 mentum
724 2978 784 3028 Jovi
804 2975 936 3028 debetur:
960 2987 1003 3042 ut,
1030 2975 1085 3026 «ab

56 3055 177 3130 ligipmnr
193 3060 228 3112 de
244 3060 335 3113 cultris
349 3061 445 3132 quibus
460 3077 545 3112 saeer-
588 3060 653 3110 Jove
676 3057 836 3128 principium
857 3055 972 3103 Musam
1008 3052 1088 3104 Unde

57 3136 119 3192 dotes
136 3144 201 3195 Dese
219 3141 331 3213 Cybeles
353 3141 542 3194 evirabontur:
588 3156 659 3191 nunc
676 3135 818 3199 Ascanius,
838 3151 891 3185 non
907 3132 972 3203 quid
988 3131 1084 3198 faciat,

57 3231 124 3292 etque
138 3225 176 3276 its
194 3223 288 3288 cedite,
307 3233 400 3294 parete
414 3224 544 3292 interpre-
588 3221 699 3291 cogitem
722 3216 769 3269 sed
790 3214 854 3286 quid
874 3214 1002 3284 primum
1024 3211 1086 3264 inde

56 3301 151 3354 nudum
169 3305 229 3356 erit.
243 3301 305 3354 ‘Sed'
320 3304 391 3354 enim
408 3301 544 3373 figuratius
588 3301 694 3351 invocat
704 3297 796 3348 Jovem
808 3304 892 3357 reete,
904 3294 966 3372 quis
976 3293 1087 3363 primor-

58 3381 203 3448 uincere,
213 3381 301 3453 serto,
316 3381 368 3432 hoc
383 3393 436 3444 est,
453 3379 524 3432 helio
536 3397 547 3430 :¹
589 3378 633 3430 din
645 3389 720 3429 erant
732 3373 803 3424 betti.
815 3373 882 3423 Don.
896 3383 922 3425 et
931 3373 1000 3425 Serv.

58 3473 131 3529 neque
146 3461 276 3512 indecoro
294 3473 333 3512 est
349 3459 396 3512 itta
414 3461 470 3529 ejus
487 3476 545 3510 sen·
624 3456 684 3510 625.
701 3453 822 3524 Iuppiter
838 3453 1007 3523 omnipotens.
1028 3453 1086 3504 Hoc

60 3543 134 3592 entire
144 3559 195 3613 per
207 3527 314 3593 diuersa
326 3539 461 3590 vocabulo
469 3557 545 3608 repe·
590 3537 725 3609 epitheton
735 3533 867 3584 interdum
877 3533 1030 3604 adgloriem
1038 3551 1086 3585 nu·

60 3619 316 3694 tittenwiden
328 3619 527 3690 negiipitfflier.
589 3617 668 3667 minis
685 3614 806 3684 ponitur,
826 3611 1008 3663 interdumad
1025 3631 1087 3664 cau·
1149 3683 1152 3688 Δ

91 3699 144 3767 tiri.
167 3701 238 3754 Ante
259 3701 352 3752 Jovem
373 3697 480 3770 supplex
501 3711 549 3769 per
591 3706 647 3748 s'srn
671 3693 796 3745 dicentis:
818 3701 931 3763 namque
953 3690 1003 3742 huo
1026 3692 1087 3744 loco

61 3787 236 3850 votoepoeeotus.
248 3779 331 3850 Atqui
342 3777 491 3850 Apoiiinem
503 3775 547 3828 de·
591 3773 705 3827 dicendo
717 3773 890 3844 omnipotens,
902 3769 1017 3822 ostendit
1027 3789 1096 3824 eum

60 3851 237 3911 huitinvoonre
243 3858 414 3930 jaculaturus
426 3857 546 3928 sagittam
593 3855 671 3908 etiarn
682 3852 737 3914 his,
748 3855 793 3923 qui
801 3871 848 3923 per
856 3869 884 3902 se
893 3853 979 3902 minus
989 3851 1087 3918 velent,

61 3936 102 3987 ted
118 3939 225 3992 diximus
246 3939 310 3991 ideo
329 3939 422 3989 Jove'm
445 3939 550 3988 invoca·
592 3945 716 4008 praestare
728 3949 808 4004 posse
819 3933 950 3982 virtutem.
961 3932 1029 3980 Sem

60 4027 122 4088 ium,
139 4024 199 4092 quis
212 4039 294 4074 omne
307 4019 414 4072 initium
426 4029 454 4072 et
468 4019 550 4071 inere·
628 4015 688 4069 631.
709 4010 838 4094 Intonuit
852 4011 956 4062 lurum.
978 4011 1089 4078 Prospe-

887 4102 912 4166 4.
