2720 4588
201 297 262 373 204
315 359 323 368 ,
527 291 910 358 commanerem

198 435 301 474 casus:
315 417 339 476 si
354 429 402 490 tu,
417 429 453 475 ut
468 415 570 490 fortis,
583 417 755 475 contemnis
765 415 920 496 pericula3
933 435 987 492 ne,
1000 430 1035 477 ut
1044 413 1157 492 homo,
1169 439 1243 478 con·

199 517 301 563 temne
313 503 478 577 invidiam,
495 525 563 585 quae
578 504 611 562 in
628 517 657 564 te
670 502 871 578 redundabit,
887 505 912 563 si
925 525 982 586 ego
995 519 1128 565 mortem
1144 527 1242 588 oppe-
1336 519 1338 530 ⁴

132 627 135 634 .
199 605 278 666 tam,
292 591 376 672 quod
387 594 590 652 certissimum
603 593 676 666 erit,
689 605 718 651 te
728 592 880 652 exstincto
893 615 900 650 ι
915 595 1111 674 nequeenim
1120 596 1242 675 captiva

198 680 311 741 videbo
325 685 451 742 AEneam
466 703 624 764 generum.
722 751 726 758 ,

236 766 284 842 64.
298 770 420 830 Servius
433 772 477 830 sic
491 769 625 845 ordinat.
637 771 762 830 Lavinia
772 771 990 850 occepitvoeem
1000 775 1113 847 matris,
1126 771 1243 855 perfida
1340 835 1341 844 ἶ

158 933 161 942 Δ
198 854 501 942 lucrymisflaqruntes
516 881 624 942 penas:
646 874 677 918 et
691 859 818 934 deinde,
840 862 888 920 eui
904 860 993 922 rubor
1001 859 1121 944 subjecit
1131 864 1227 943 ipnem
1233 905 1243 934 ,
1340 853 1341 858 ἵ

195 965 269 1034 pro,
291 948 340 1006 eui
354 949 434 1029 ignis
448 946 578 1028 subjecit
593 949 754 1023 ruborem,
773 969 846 1007 nam
861 946 1029 1030 hypallage
1044 963 1101 1024 est,
1121 949 1243 1030 inquit:
1342 1013 1343 1026 ,

196 1047 343 1094 neutrum
355 1036 471 1118 placet3
483 1060 549 1098 non
562 1040 715 1120 primum,
729 1039 801 1119 quia
814 1037 979 1119 indignum
992 1053 1036 1100 est
1049 1053 1136 1100 tanto
1150 1051 1244 1120 poeta

149 1162 154 1167 -
196 1123 328 1183 nescisse
339 1146 428 1185 voees
439 1125 530 1186 aliter
542 1126 803 1208 disponereznon
816 1126 1053 1208 alterum,quia
1064 1149 1129 1187 non
1140 1146 1246 1187 neces·
1343 1137 1344 1140 ’

197 1212 323 1274 sarium.
335 1216 402 1296 Ego
414 1217 456 1276 sic
466 1217 587 1298 explico
599 1239 605 1275 :
621 1219 732 1298 accepit
742 1217 866 1275 Lavinia
877 1219 977 1276 matris
987 1237 1086 1277 vocem
1096 1237 1160 1275 una
1173 1235 1246 1276 cum
1344 1235 1345 1240 ’

182 1298 348 1384 ¹lacrymis,
369 1307 401 1366 id
419 1319 477 1382 est,
499 1321 528 1366 et
543 1327 668 1382 vocem,
689 1321 720 1366 et
734 1304 902 1386 lacrymas3
922 1326 995 1364 nam
1010 1307 1135 1386 respicit
1149 1304 1245 1378 illud,

201 1393 311 1468 Teme,
324 1417 377 1476 per
388 1395 440 1456 has
455 1419 507 1478 eqo
521 1411 546 1457 te
560 1395 711 1477 laeeymus.
731 1396 882 1476 Hispane,
895 1401 1050 1476 oloqueso
1060 1393 1158 1453 madre
1167 1393 1245 1453 dubo

197 1499 279 1540 voces
289 1506 313 1564 y
329 1507 384 1565 que
404 1483 534 1544 lloraba:
554 1500 584 1544 et
603 1485 685 1544 infra
699 1483 736 1544 fit
752 1486 870 1543 mentio
887 1484 1094 1566 lacrymarum
1111 1484 1245 1556 Amatae,

197 1587 248 1639 tw,
267 1591 377 1650 quaeso,
396 1593 466 1632 neve
479 1571 632 1653 lacrymis:
648 1593 810 1653 nunquam
826 1573 972 1630 Laviniae.
993 1573 1110 1652 Pergin
1128 1570 1245 1652 perfusa

196 1657 465 1739 qerwsflaqrantes‚
479 1660 511 1718 id
524 1673 583 1734 est,
600 1661 743 1740 flagranti
755 1658 868 1718 ardore
878 1658 1002 1739 perfusa
1017 1679 1119 1739 genas.
1133 1659 1246 1716 Fateor

195 1739 257 1802 lroc
271 1765 333 1804 esse
345 1747 505 1807 difficilius
517 1772 524 1806 :
538 1748 590 1806 sed
604 1749 687 1807 malo
704 1762 827 1828 poetam
841 1746 1019 1822 difficilem,
1032 1767 1129 1828 quam
1144 1747 1245 1827 stupi-

198 1828 291 1889 dum:
313 1834 390 1893 mibi
408 1850 510 1895 tamen
524 1834 655 1894 difficile
667 1856 733 1894 non
747 1834 887 1894 videtur:
910 1856 999 1908 nam,
1020 1857 1075 1894 cur
1089 1855 1156 1895 non
1169 1855 1245 1915 poe·

196 1917 258 2000 tice
268 1921 426 2000 quispiam
437 1921 540 1982 dicat?
555 1921 671 1982 indutus
680 1942 782 2002 eorpus
793 1919 881 1992 stolo,
892 1935 981 2002 caput
988 1919 1083 2002 paleo.
1095 1923 1139 1981 Sic
1150 1922 1245 1982 etiam

197 2009 317 2085 egregie
330 2022 359 2066 et
370 2011 488 2089 poetice
500 2010 619 2082 dicam,
632 2009 765 2090 perfusus
777 2009 923 2070 madentes
937 2007 1049 2082 oculos,
1063 2029 1135 2090 pro,
1146 2009 1246 2092 perfu-

197 2113 244 2150 sus
256 2091 355 2154 oculos
367 2097 502 2156 madore.-
517 2095 594 2157 adeo
606 2117 679 2156 vero
690 2095 844 2178 plurimus
855 2097 916 2156 fuit
925 2098 1023 2156 rubor
1033 2111 1063 2156 et
1073 2097 1246 2178 flagrantia,

198 2192 233 2238 ut
245 2181 348 2262 ignem
362 2184 526 2267 subjecerit
540 2188 599 2247 toti
614 2189 753 2268 corpori3
767 2189 855 2268 quasi
868 2187 967 2246 rubor
981 2185 1097 2247 multus
1108 2207 1198 2268 paene
1212 2188 1245 2245 in

199 2270 314 2349 ignem.
369 2295 374 2302 ·
478 2283 480 2288 '

238 2359 286 2443 67.
305 2365 450 2446 Sequitur
468 2369 680 2449 comparatio:
697 2365 800 2426 vidisti
819 2367 896 2427 ebur
914 2367 1076 2449 perfusum
1092 2387 1245 2448 purpura,

200 2467 252 2510 aut
264 2451 334 2514 alba
346 2454 413 2516 lilia
428 2461 574 2538 permista
591 2458 697 2518 multis
713 2460 803 2531 rosis,
819 2471 849 2516 et
860 2459 957 2517 veluti
972 2457 1010 2516 ab
1023 2459 1086 2516 istis
1098 2453 1246 2514 ruborem

198 2537 371 2603 trahentia:
388 2567 475 2626 ergo,
490 2545 559 2608 tales
570 2550 650 2628 vireo
665 2547 754 2606 dabat
765 2569 813 2606 ore
826 2545 948 2618 colores,
962 2548 1068 2604 mistos
1080 2543 1197 2604 scilicet
1209 2565 1245 2603 ex

199 2627 348 2704 candido,
361 2646 390 2690 et
399 2655 567 2714 purpureo.
581 2633 702 2692 Ordino
715 2632 807 2694 multa
819 2655 896 2707 rosa,
908 2655 972 2692 non
986 2631 1049 2690 lilia
1059 2630 1151 2691 multo
1160 2630 1244 2706 alba,

199 2726 233 2772 ut
244 2716 326 2776 male
340 2719 478 2780 Servius:
492 2719 570 2778 illud
583 2741 687 2780 meum
704 2721 803 2779 multo
816 2721 1034 2801 opportunius.

239 2824 288 2884 7⁰·
297 2805 573 2892 Esthochysteron
581 2823 788 2890 proteron:ex
797 2807 1012 2867 fixisoculisin
1021 2807 1141 2887 virgine
1149 2805 1185 2864 fit
1193 2806 1246 2868 ille

199 2894 367 2971 turbatior,
389 2919 423 2956 ae
441 2898 572 2980 proinde
589 2896 748 2958 ardentior
765 2895 804 2955 ad
823 2895 958 2955 bellum:
980 2895 1084 2975 itaque
1103 2896 1210 2953 statim
1228 2919 1246 2956 a

199 2983 320 3064 virgine
340 3007 505 3048 conversus
524 2987 563 3046 ad
582 2990 738 3059 Amatam,
759 2986 838 3067 petit
857 2986 895 3044 ab
917 3006 962 3044 ea·
973 3005 1013 3044 ne
1032 2985 1153 3066 ploret:
1175 3000 1247 3044 sunt

200 3074 294 3133 etiam
308 3077 451 3158 lacryma
463 3077 626 3136 adversum
641 3097 733 3136 omen
746 3077 831 3136 eunti
847 3075 887 3135 ad
901 3073 1031 3136 bellum.
1047 3072 1174 3153 adjicio
1194 3097 1245 3134 ne-

200 3185 255 3240 que
267 3169 345 3224 enim
360 3173 458 3229 Tamo
473 3188 555 3228 mora
569 3165 658 3226 libera
670 3169 768 3227 mortis
773 3192 783 3241 ‚·
800 3166 833 3226 id
846 3181 906 3244 est,
925 3166 1096 3226 detrectare
1109 3184 1247 3245 pugnam

200 3247 283 3310 lianc
300 3274 366 3312 non
382 3277 522 3336 possum3
544 3253 684 3315 eundum
696 3253 776 3314 mihi
794 3255 840 3315 vel
854 3255 1021 3314 adsertam
1036 3264 1169 3310 mortem
1183 3266 1245 3326 est3

200 3359 249 3398 res
261 3338 328 3401 haec
343 3365 408 3403 non
421 3345 499 3405 mihi
512 3359 555 3405 est
568 3346 697 3424 integra.
710 3346 822 3404 Nescio
836 3366 890 3404 cur
900 3344 1021 3402 Servius
1032 3341 1130 3414 dicat,
1142 3340 1247 3400 locum

200 3425 287 3487 bunc
301 3450 363 3489 esse
379 3432 600 3495 insolubilem:
617 3447 662 3492 est
677 3434 762 3492 enim
778 3435 876 3494 oratio
891 3431 957 3490 haec
968 3429 1122 3487 effraenati
1133 3444 1162 3487 et
1173 3449 1247 3510 prae·

201 3516 305 3594 cipitis
319 3515 471 3594 hominis,
482 3523 587 3602 inquit
596 3522 774 3598 Turnebus,
787 3523 903 3602 quique
914 3517 1072 3577 obstinato
1083 3530 1128 3576 est
1138 3519 1245 3576 animo

203 3602 243 3660 ad
257 3617 402 3666 mortem.

238 3764 280 3814 62.
290 3765 385 3831 Etme,
397 3768 495 3835 Turne,
507 3783 622 3823 maneat.
633 3773 700 3824 Mire
746 3770 801 3820 mul
814 3787 870 3821 esse
885 3769 1055 3831 morituram,
1076 3779 1106 3816 ut
1119 3767 1164 3836 qui
1177 3767 1247 3836 peri-

202 3845 271 3913 agit:
287 3864 349 3898 nam
362 3849 487 3917 quiescit
501 3869 575 3902 suam
590 3865 701 3903 mortem
747 3849 835 3900 culum
852 3867 907 3899 non
925 3849 1013 3911 timet,
1035 3845 1161 3898 formidet
1181 3846 1247 3896 invi-

201 3925 288 3976 virum
300 3927 396 3978 fortem
406 3928 484 3980 facile
495 3947 573 4000 posse
587 3944 702 3982 contem·
746 3926 826 3978 diam.
845 3929 914 3980 Serv.
930 3955 965 3966 -
979 3925 1046 3977 Vide
1063 3943 1119 3976 var.
1139 3923 1199 3977 lect.
1220 3936 1248 3976 et

204 4020 280 4069 nere,
300 4005 416 4062 deterret
428 4027 503 4076 eum,
523 4008 613 4062 dicens
627 4027 654 4061 se
666 4010 702 4061 si·
746 4020 823 4060 notas
836 4008 889 4061 vol.
903 4010 948 4075 lV,
960 4024 1021 4080 pag-
1035 4007 1095 4059 302.
