2742 4596
476 299 541 366 DE
562 295 819 367 vlnnltto.
858 387 864 402 Α

259 427 396 515 Papium
406 423 514 490 nescis
526 447 535 488 ε
547 421 620 504 sed,
633 441 747 512 aperta
758 423 921 516 quidquid

259 534 386 598 Veritas
398 529 525 618 prodit,
537 530 656 596 recinis
668 551 730 618 per
740 553 849 597 aerum

456 635 610 724 Simplico
622 637 743 726 lingua.

257 743 311 806 Tu
323 757 535 808 senescentes
546 741 659 813 titulos
669 739 821 808 laborum

221 877 224 886 ⁴
256 851 352 916 Flore
365 850 515 918 durantis
525 875 656 946 repares
664 852 821 944 juventae.

258 959 378 1026 Minor
388 962 502 1026 Virtus
513 960 588 1040 tihi;
601 977 635 1025 to
644 975 781 1026 notante

455 1065 746 1154 Crimioapallent.

257 1169 310 1232 Tu
322 1169 386 1234 fori
396 1169 523 1250 turbas,
539 1173 762 1262 strepitusque
774 1173 854 1254 litis,

258 1277 385 1366 Effugis
398 1277 488 1346 dulci
499 1279 670 1346 moderata
682 1296 796 1362 cantu;

256 1386 325 1449 Nec
336 1387 495 1453 retmdori
507 1390 629 1476 pateris
640 1390 789 1480 loquelas

454 1495 624 1584 Compedo
636 1497 743 1562 metri.

255 1597 316 1662 His
328 1599 401 1664 fave
414 1599 510 1665 dictis
522 1624 528 1664 :
541 1603 722 1690 retegendo
734 1603 800 1668 vita
813 1621 862 1668 est

255 1701 346 1764 Vatis
358 1703 502 1781 Etmsci,
515 1704 616 1770 modo
628 1708 686 1796 qui
698 1729 846 1796 perenne

255 1809 404 1874 Romulae
416 1812 491 1876 roci
503 1810 606 1876 decus
617 1813 789 1902 adrogauit

454 1919 608 1982 Carmine
620 1939 724 1984 sacro.

122 2065 257 2132 Maeonii
272 2069 440 2155 specimen
452 2069 534 2132 vatis
546 2070 735 2138 veneranda
747 2073 921 2137 Maronem

120 2175 258 2239 Mantua
271 2175 440 2241 Romuleae
452 2177 621 2268 generavit
632 2177 771 2242 flumina
781 2178 913 2269 linguae.

121 2281 202 2364 Quis
215 2281 355 2346 facunda
369 2285 442 2348 tuos
454 2284 610 2348 toleraret
622 2284 747 2353 Graecia
760 2284 884 2350 fastus?

120 2387 201 2468 Quis
215 2401 343 2450 tautum
356 2385 479 2477 eloquii
492 2389 654 2480 potuisset
665 2389 753 2452 ferre
766 2405 953 2453 tumorem:

120 2495 249 2560 AEmuia
261 2497 435 2586 Virgilium
447 2497 544 2563 tellus
556 2497 619 2562 nisi
632 2501 740 2563 Tusca
755 2495 919 2577 dedisset?

121 2604 209 2680 Huic
221 2606 353 2692 genitor
364 2605 483 2697 figulus
495 2607 590 2675 Maro
603 2606 738 2671 nomine
751 2629 757 2668 :
773 2599 881 2670 cultor
891 2605 1002 2694 agelli,

121 2711 168 2774 Ut
179 2711 327 2776 referunt
338 2712 409 2793 alii,
423 2713 515 2777 tenui
526 2707 681 2777 mercede
694 2711 830 2779 locatus.
942 2707 945 2712 ’

119 2812 185 2881 Sed
199 2815 310 2904 plures
323 2815 475 2906 figulum3
491 2817 563 2907 quis
575 2840 643 2880 non
656 2813 813 2880 miracula
826 2839 937 2894 rerum

120 2923 202 2988 Haec
215 2926 364 3010 stupeat?
375 2922 467 2990 dives
479 2938 591 3012 partus
605 2919 648 2986 de
660 2943 808 3017 paupere
819 2942 905 2984 vena
927 2914 931 2922 ’

121 3028 250 3093 Enituit
262 3053 269 3092 :
281 3027 374 3117 figuli
387 3027 517 3093 soboles
531 3050 616 3098 nova
629 3025 775 3091 carmina
789 3024 893 3091 finxit.

118 3135 228 3210 Mater
239 3133 329 3199 Polla
341 3134 419 3212 fuit,
432 3133 533 3223 Magii
545 3155 613 3196 non
626 3132 738 3196 infima
750 3131 876 3220 proles,

118 3239 227 3320 Quem
240 3260 391 3303 socerum
403 3235 550 3324 probitas
563 3235 640 3302 fecit
648 3238 717 3330 jam
730 3239 815 3304 clara
827 3234 967 3300 Maroni.

120 3347 201 3410 Haec
213 3367 290 3410 cum
302 3361 432 3410 maturo
443 3360 653 3436 premeretur
664 3345 814 3438 pondere
828 3343 967 3422 reunia,

119 3452 165 3514 Ut
180 3449 264 3515 solet
275 3451 310 3514 in
322 3452 445 3516 somnis
457 3451 601 3530 animus,
614 3466 754 3516 ventura
765 3447 949 3537 tatingem,

117 3560 242 3624 Anxius
255 3576 288 3623 et
298 3559 388 3649 vigili
400 3582 600 3649 praesumere
613 3555 731 3648 gaudia
744 3579 836 3636 cura,

116 3659 255 3728 Phoebei
268 3665 411 3730 nemoris
424 3689 550 3730 ramum
564 3663 689 3732 fudisse
701 3665 839 3759 putavit.

116 3769 146 3836 O
158 3793 259 3858 sopor
270 3771 430 3838 indicium
444 3775 528 3841 veri!
542 3775 588 3839 nil
600 3775 722 3850 certius
734 3798 883 3868 unquam

117 3879 248 3942 Cornea
259 3897 354 3968 portu
366 3881 459 3946 tulit:
472 3883 556 3948 facta
568 3899 631 3963 est,
645 3883 826 3970 interprete
838 3881 949 3960 lauro,

154 4027 178 4080 5.
189 4029 251 4082 Vid.
265 4031 300 4084 ad
311 4033 399 4086 Vitam
410 4035 483 4106 virg.
497 4053 520 4088 a.
534 4035 594 4104 684.
699 4053 723 4106 7.
738 4034 766 4088 L.
780 4034 873 4096 locati,·
887 4031 972 4104 agelli.
986 3988 1119 4082 Heitisiusv
