2654 4590
201 305 281 388 'td
540 316 925 384 COMMENTARIA

216 371 224 398 Ι

251 438 298 498 85.
313 439 438 500 Dixerat
446 443 565 516 Venus,
575 443 683 502 AEnear
692 443 810 523 iqnarus
818 440 913 514 abest,·
922 439 1069 523 depravat
1079 433 1291 508 irridendo,

212 527 330 604 iqnerus
343 541 371 588 et
382 527 463 589 absit.

252 611 299 672 86.
318 616 433 696 Arripit
449 615 543 677 verba
559 619 686 678 Veneris
702 629 810 677 contra
821 615 927 676 illam:
947 617 972 676 si
986 616 1044 676 tibi
1060 627 1107 674 est
1117 609 1291 693 Paphos,

212 713 284 773 eto,
312 703 386 782 quid
403 702 486 765 bella
505 707 537 766 in
555 706 630 766 alios
648 704 788 766 moliris?
801 706 908 764 vivant
925 705 970 764 tui
987 704 1020 762 in
1033 704 1095 762 tuis
1107 696 1287 768 urbibus3

211 788 352 870 relinque
367 791 454 853 alios.

250 879 299 936 88.
318 881 457 942 Recurrit
475 881 511 942 ad
531 885 631 963 prima
651 885 741 942 initia
755 880 881 962 Trojani
899 878 990 953 belli,
1013 881 1119 960 aitque
1135 875 1286 936 nullam

211 968 246 1026 in
263 990 294 1027 se
309 971 432 1050 culpam
451 972 581 1032 residere
598 974 706 1034 excidii
724 971 869 1052 Trojani;
891 970 942 1030 sed
959 983 1057 1032 totam
1075 975 1108 1028 in
1121 969 1286 1038 Venere,

212 1075 273 1132 qua
291 1059 472 1118 concitante*
483 1061 567 1120 Paris
584 1057 696 1140 objecit
711 1059 864 1139 Trojanos
880 1059 1009 1132 Graecis‚
1030 1057 1154 1116 solvens
1175 1053 1284 1112 furto

211 1141 338 1204 Helenae
364 1145 480 1206 foedera
499 1145 740 1229 hospitalitatis:
763 1158 792 1204 et
811 1165 908 1226 quum
931 1141 983 1203 hic
998 1163 1069 1212 vere
1084 1138 1284 1221 triumphet

212 1230 296 1290 luno
318 1231 491 1294 devenere
512 1237 605 1311 (nam
623 1254 694 1293 vere
713 1235 819 1292 Venus
837 1253 929 1292 causa
948 1229 1061 1291 horum
1081 1225 1283 1302 malorum)

213 1325 320 1400 repetit
331 1324 560 1384 subidentidem
571 1369 579 1396 ,
590 1337 619 1382 et
628 1338 717 1404 urget
727 1322 805 1396 illis3
821 1325 874 1382 Me
882 1321 954 1382 duce
961 1366 970 1394 ,
981 1334 1037 1382 etc.
1052 1319 1149 1394 Quasi
1159 1317 1259 1376 dieat
1271 1338 1281 1389 ;

209 1407 365 1470 adulterio
382 1411 519 1486 Paridis,
540 1409 627 1490 cujus
645 1423 680 1470 tu
697 1431 804 1485 causa,
826 1422 999 1491 expugnata
1016 1421 1060 1468 cst
1075 1408 1208 1488 Sparta:
1235 1417 1279 1461 tu

210 1495 394 1558 mollissima
407 1520 548 1559 amorum
561 1498 750 1559 materbella
763 1498 817 1558 illa
826 1496 932 1558 fovisti
943 1520 949 1556 :
967 1509 998 1556 et
1009 1493 1188 1566 concludit,
1205 1512 1277 1552 no·

211 1596 280 1643 tans
297 1587 538 1668 imprudentiam
552 1588 696 1660 Veneris,
711 1606 779 1666 qnae
798 1584 878 1646 nihil
895 1582 1089 1666 proeviderit,
1106 1595 1137 1641 et
1154 1580 1276 1662 provi-

213 1670 307 1746 derit;
324 1689 354 1732 et
367 1695 449 1734 nunc
463 1695 529 1734 sero
543 1687 784 1755 conqueratur.»

251 1761 299 1837 96.
317 1761 485 1842 Comparat
496 1775 588 1843 poeta
597 1765 734 1822 Deorum
747 1759 897 1836 studium,
908 1779 971 1840 quo
981 1757 1048 1837 jam
1059 1751 1274 1833 Veneri2j³¹¹l

213 1848 331 1906 Junoni
346 1849 507 1925 favebant,
528 1873 652 1916 susurro
669 1853 721 1932 qni
739 1850 816 1910 solet
828 1849 929 1918 audiri
942 1850 975 1908 in
990 1847 1083 1928 sylvis
1096 1859 1169 1915 ante
1182 1857 1273 1910 tem·¹

212 1948 360 2014 pestatent
371 1951 536 2004 ventorum
547 1963 554 1997 :
567 1961 664 2020 quum
675 1940 757 2000 enim
769 1938 866 2000 multa
877 1939 940 1997 sint
948 1935 1060 2002 futurae
1070 1931 1273 2014 tempestatis

213 2022 345 2094 indicia,
364 2039 430 2084 tum
444 2025 495 2086 hic
508 2029 541 2091 in
557 2027 649 2108 sylvis
666 2047 825 2100 susurrus,
843 2040 874 2084 et
885 2045 1028 2084 murmur
1039 2042 1108 2082 eam
1120 2019 1248 2079 indicat
1262 2039 1271 2076 :

212 2109 286 2178 huic
298 2133 371 2194 ergo
385 2117 537 2183 murmuri
552 2131 582 2176 et
595 2115 731 2175 fremitui
743 2115 781 2175 ad
794 2113 894 2175 simile
904 2115 1043 2174 Deorum
1055 2129 1217 2180 murmur,
1235 2117 1272 2170 et

212 2197 363 2264 fremitus.
380 2203 495 2278 Verba,
511 2225 580 2286 quae
594 2203 763 2286 expendas,
778 2201 844 2262 haec
856 2214 945 2261 sunt:
966 2198 1080 2271 erubet,
1096 2193 1271 2278 praeclare,

213 2308 288 2349 nam
308 2290 436 2357 verbum
455 2307 633 2354 oratorum:
658 2292 803 2352 dicuntur
818 2289 945 2350 flumina
961 2289 1073 2370 prima,
1096 2285 1172 2364 quia
1189 2294 1269 2341 ante

211 2389 422 2461 tempestatem
436 2406 442 2441 :
457 2388 486 2444 τὸ
498 2383 635 2465 deprensa
646 2381 750 2464 sylvis,
761 2384 802 2442 ita
815 2393 860 2440 est
871 2379 991 2460 egregie
1003 2373 1119 2436 dictum
1129 2385 1184 2456 ,nt
1198 2372 1266 2432 alio

212 2487 390 2550 synonymo
407 2473 568 2552 inquines:
592 2473 625 2529 in
641 2467 775 2530 volutant
788 2467 939 2544 subaudi,
958 2486 1006 2526 se:
1030 2466 1073 2532 eit
1087 2481 1168 2530 ctera
1181 2481 1267 2524 mur·

213 2576 296 2629 mura
304 2601 313 2629 ,
329 2563 400 2638 quia
414 2558 473 2620 hoc
486 2563 519 2619 in
532 2562 651 2620 arcanis
666 2580 768 2628 rerum
781 2560 929 2640 positum.

257 2663 321 2701 too.
341 2645 491 2704 Praecedit
508 2648 595 2706 Jovis
610 2648 783 2708 orationem
802 2666 905 2710 rerum
923 2647 1063 2704 omnium
1080 2640 1264 2714 silentium;

213 2751 288 2798 nam
304 2735 352 2798 eui
370 2755 466 2794 rerum
481 2756 595 2796 summa
610 2749 749 2816 potestur,
773 2758 818 2796 res
835 2756 942 2796 omncs
960 2733 1080 2792 silendo
1097 2731 1263 2792 serviunt:

213 2835 356 2881 numerat
366 2825 468 2904 primo
479 2826 607 2899 caelnm,
618 2838 648 2884 et
657 2840 767 2886 terram
778 2850 785 2900 3
800 2826 877 2894 illud
889 2823 968 2897 silet,
981 2823 1047 2885 haec
1058 2823 1171 2886 tremit:
1186 2819 1262 2880 ideo

212 2932 284 2972 vero
293 2911 430 2974 haecduo
439 2918 846 2998 primonumerata,quiain
855 2918 1027 2988 istiserant,
1036 2909 1262 2994 quiloquendo

212 3017 336 3080 possent
345 3005 511 3087 impedire;
525 3008 557 3066 in
569 3008 643 3068 caelo
654 3009 723 3080 Dii,
736 3009 767 3066 in
779 3021 859 3068 terra
870 3005 1032 3065 homines:
1047 3001 1099 3062 sed
1112 3022 1180 3060 non
1193 2999 1262 3067 haec

212 3097 297 3168 satis3
314 3117 386 3156 nam
397 3095 498 3171 (ether,
512 3098 565 3180 qui
578 3119 670 3178 supra
681 3118 798 3172 aerem,
812 3111 842 3156 et
854 3095 924 3156 ideo
936 3095 1058 3166 ardum,
1071 3094 1166 3152 etiam
1179 3089 1261 3151 silet.-

212 3180 325 3242 deinde
341 3185 470 3265 Zephyri
486 3205 604 3265 posuere
620 3185 727 3259 llatus3
747 3200 852 3266 pontus
868 3186 974 3266 premit
986 3179 1103 3263 placida
1121 3200 1261 3261 aequom

150 3331 156 3341 ,
212 3271 299 3350 quasi
313 3270 411 3346 dicat3
427 3273 524 3342 invita
538 3275 631 3334 etiam
644 3286 674 3330 et
687 3272 871 3342 reluctantia
883 3271 1073 3352 compressit.

245 3479 289 3530 9²·
302 3465 348 3514 Me
358 3465 430 3516 duce.
441 3468 506 3533 Quae
515 3472 640 3540 graviora
649 3481 712 3522 sunt
757 3483 783 3522 et
792 3480 903 3522 oratores
912 3469 977 3522 dicti
989 3479 1065 3520 sunt:
1076 3485 1141 3520 nant
1152 3467 1262 3539 rogabat

210 3556 364 3608 argumenta
377 3546 404 3594 iu
418 3543 468 3596 fine
481 3561 577 3600 servat.
591 3551 660 3602 Dan.
676 3580 711 3590 —
756 3552 778 3600 si
791 3547 901 3614 dixeris,
913 3567 969 3600 non
979 3545 1116 3617 procedit,
1129 3547 1196 3616 quia
1203 3565 1259 3597 ma·

212 3621 366 3673 Dardanius.
383 3624 445 3672 Non
459 3639 570 3696 propter
586 3630 709 3698 injuriam
755 3630 794 3696 gis
807 3628 1012 3679 convitiabatur.
1024 3627 1095 3677 Serv.

211 3703 298 3751 AEneae
312 3699 364 3752 hoc
381 3706 485 3772 posuit,
507 3710 553 3776 qui
570 3710 710 3760 Dardanus
792 3725 848 3759 101.
867 3705 939 3780 Infit.
960 3709 1029 3758 Nam
1041 3723 1124 3777 quum
1139 3705 1193 3758 sihi
1207 3724 1257 3778 po-

210 3778 390 3832 diciturmam
398 3786 483 3852 perite
492 3785 602 3840 dubium
610 3808 708 3840 nomen
754 3800 834 3839 testas
854 3785 1014 3838 decernendi
1037 3789 1084 3852 sit,
1104 3798 1200 3856 aperte
1218 3785 1258 3836 lo-

209 3859 302 3930 elegit,
312 3860 358 3929 qui
367 3863 708 3924 contumeliamcommuni·
754 3869 851 3937 quitur.
863 3867 960 3916 Donat.
971 3894 1005 3904 -
1014 3867 1055 3926 Eo
1067 3865 1177 3928 dicente.
1191 3865 1256 3917 Car·

210 3941 390 3998 ”sslelffineffi
401 3942 469 3993 Serv·
752 3947 791 4016 pit
804 3943 923 3996 Macrob.
937 3946 969 4010 V,
984 3945 1028 4009 13,
1040 3935 1164 4021 poetam,
1183 3945 1256 4016 quod

244 4015 286 4082 96.
307 4019 407 4070 Orabat.
427 4023 615 4094 loquebatur:
635 4025 706 4076 unde
752 4023 1193 4084 Jovemnuncdemumtantacum
1203 4043 1256 4088 ma·
