2720 4588
240 278 303 356 246
394 237 397 244 ’
568 273 953 339 continuarum

236 404 333 476 nenti,
351 399 383 460 id
402 411 461 475 est,
476 400 564 482 quasi
579 396 646 479 jam
660 409 779 473 teneat,
795 401 939 480 increpuit
956 397 1057 474 malis,
1071 421 1106 460 ac
1117 399 1278 475 dentibus3

237 503 268 552 et
286 491 357 551 ideo
374 493 531 573 increpuit,
551 490 626 570 quia
644 508 710 548 non
722 507 794 548 vere
807 489 995 564 momordit,
1012 491 1110 550 immo
1126 487 1222 550 elusm
1240 499 1282 548 est

237 581 321 640 inani
341 601 446 641 morsu.
463 581 512 639 Sic
526 580 637 639 AEneas
652 578 795 638 Turnum
814 581 986 660 insequitur,
1006 594 1035 638 et
1055 591 1179 640 tantum
1200 591 1282 659 uryet

234 667 335 748 pedem
351 667 436 748 pede,
449 666 592 727 nondum
608 677 721 725 nactus
733 664 897 726 hominem
914 666 1096 749 adplenum
1113 670 1219 727 ictum.
1233 667 1281 726 De

237 753 287 813 his
308 753 450 815 versibus
468 756 512 814 ait
530 753 680 835 Scaliger:
705 745 835 827 Exacta,
851 767 985 829 venusta,
1005 755 1137 837 qemidis,
1157 755 1279 838 ffers,
1347 749 1348 752 ’

235 865 406 920 numerosa,
418 845 529 929 florida
551 841 673 917 tocurio,
698 841 893 928 cujuscunque
915 843 1019 905 theatri
1037 847 1279 928 exspectationem

235 947 361 1011 superat.

276 1021 343 1103 756.
357 1021 403 1082 Ad
416 1024 497 1082 cervi
510 1019 631 1103 fugam,
644 1020 684 1080 ad
698 1019 829 1081 latratus
840 1023 925 1082 canis
935 1021 1284 1083 exorimrelamorvena·

235 1121 341 1170 torum
360 1110 570 1187 hortantium
589 1111 740 1194 proxima
756 1114 826 1193 ripae
843 1124 871 1170 et
888 1109 969 1172 loom
984 1125 1172 1195 responsant:
1192 1121 1282 1169 notat

236 1195 328 1258 echus
343 1200 545 1282 replicatilem
560 1221 688 1274 vocem,
703 1211 733 1260 et
744 1195 847 1260 coelum
866 1221 951 1260 omne
966 1213 1049 1262 tonat
1066 1198 1194 1261 tumultu
1208 1197 1281 1274 illo,

235 1300 386 1368 tanquam
402 1291 532 1349 tonitru.
623 1311 626 1334 ¹
1043 1299 1044 1304 ’

275 1376 343 1456 758.
357 1376 446 1438 Redit
459 1375 498 1436 ad
512 1379 669 1453 Turnum,
684 1377 866 1460 quifuqiens
878 1395 950 1436 suos
961 1379 1088 1460 increpat
1099 1389 1284 1458 etquemquc

234 1486 342 1526 vocans
355 1469 487 1540 nomine,
500 1487 596 1526 ensem
607 1479 710 1527 notum
725 1465 885 1551 efflauitat:
901 1467 1019 1548 quippe
1030 1465 1125 1526 modo
1142 1465 1284 1538 dixerat,

237 1556 368 1635 ipnotum
380 1554 529 1639 capulum.

274 1646 344 1727 760.
368 1649 477 1707 AEneas
496 1657 606 1706 contra
628 1646 786 1704 neminem
811 1645 888 1703 sinit
904 1643 1060 1720 accedere,
1080 1644 1283 1724 minaturque

236 1745 303 1793 tum
324 1736 604 1816 praesentissimum
625 1735 772 1808 exitium,
791 1733 816 1791 si
838 1734 1001 1814 quisquam
1022 1731 1145 1792 accedat
1161 1729 1283 1790 laturus

232 1824 340 1880 Turno
356 1821 523 1895 auxilium,
536 1835 604 1880 tum
620 1821 793 1900 majoribus
808 1822 902 1880 minis
915 1823 978 1903 agit
988 1844 996 1896 ;
1007 1823 1051 1880 ait
1062 1821 1146 1879 enim
1159 1839 1192 1878 se
1206 1820 1283 1878 exci-

232 1928 331 1968 surum
345 1910 461 1970 urbem:
477 1913 584 1992 itaque
597 1925 628 1970 et
639 1912 801 1992 privatum
814 1911 944 1991 cuique,
954 1923 985 1969 et
998 1907 1168 1969 commune
1178 1909 1283 1968 omni-

234 1997 292 2057 bus
305 1998 422 2058 malurn
436 1999 611 2059 minitatur.

273 2086 341 2167 763.
356 2085 499 2148 Absolvit
511 2088 653 2166 tandem,
667 2090 773 2169 aitque
783 2132 791 2163 ‚
803 2087 895 2148 orbes
906 2089 1045 2169 quinque
1057 2089 1205 2170 repetitos
1215 2107 1282 2146 cur·

231 2198 267 2236 su
279 2189 309 2236 et
329 2197 473 2252 recursu3
490 2179 564 2260 quia
578 2178 726 2239 videlicet
745 2199 809 2237 non
832 2179 1018 2260 petebantur
1036 2179 1167 2260 praemia
1180 2177 1281 2250 levia,

232 2277 287 2324 aut
298 2264 434 2338 ludicra3
448 2267 499 2326 sed
510 2268 688 2327 certabatur
701 2267 736 2326 de
747 2269 806 2326 vita
823 2269 916 2326 Turni
930 2280 958 2326 ct
968 2267 1121 2347 sanquine.

271 2355 339 2436 766.
356 2354 546 2413 Describitur
558 2353 688 2414 oleaster
701 2356 739 2414 ab
755 2356 906 2435 religione
917 2367 947 2414 et
959 2372 1016 2413 usu
1029 2377 1035 2414 :
1052 2352 1092 2413 ab
1107 2353 1280 2436 religione,

232 2461 307 2500 nam
323 2461 404 2501 sacer
416 2454 446 2499 et
459 2443 576 2502 Fauni:
594 2443 633 2502 ab
648 2455 722 2518 usu,
736 2463 810 2502 nam
828 2457 927 2504 noutoe
942 2445 1047 2503 seruati
1058 2463 1095 2502 ex
1107 2441 1195 2503 undis
1208 2438 1281 2500 sole·

232 2637 340 2709 digitari
359 2637 445 2688 solent
464 2638 498 2689 ab
516 2631 669 2711 regionibus
686 2640 733 2692 ubi
777 2641 857 2692 molle
879 2639 942 2692 siler
967 2638 1099 2710 lentaeque
1122 2640 1277 2710 genistas:

231 2717 302 2778 nati;
322 2716 360 2766 sic
376 2715 515 2786 Spartani,
532 2720 688 2787 Cretenses,
706 2733 733 2772 et
777 2719 826 2770 boc
839 2720 950 2780 buxum3
962 2719 1025 2770 licet
1037 2731 1064 2771 et
1078 2719 1132 2771 linc
1141 2721 1225 2771 buxus
1236 2718 1280 2770 di—

231 2795 304 2848 mille
319 2795 373 2847 alii.
386 2793 428 2848 sic
440 2814 490 2868 ego
509 2795 603 2849 Umber
617 2798 652 2850 ab
668 2801 733 2851 Um·
776 2811 865 2851 catur:
874 2817 935 2852 nam
944 2799 1105 2870 superfluam
1115 2799 1279 2869 quidamvo·

230 2878 291 2930 bria
301 2877 391 2929 ltalia.
403 2877 508 2930 Servius
523 2878 653 2933 Thracum
665 2882 733 2933 acci·
775 2878 834 2930 lunt
850 2881 939 2932 faeere
957 2879 1160 2944 discretionem,
1177 2891 1208 2930 ut
1226 2879 1280 2930 loeo

228 2961 283 3028 pit,
305 2960 368 3028 quia
388 2958 500 3011 Umbria
518 2977 581 3029 pars
600 2959 730 3012 Thuseiae.
775 2958 855 3011 husus
869 2959 902 3011 de
915 2959 1011 3012 arbore
1023 2959 1162 3012 dieamus:
1180 2959 1277 3010 brixam

228 3037 492 3111 Seneoain'l'byeste:
504 3037 562 3090 asic
570 3041 728 3110 quamferas
774 3055 839 3092 vero
847 3039 880 3092 de
888 3039 960 3114 ligno
970 3040 1073 3112 aliquid
1082 3041 1276 3110 compositum:

227 3122 355 3192 vestigat,
372 3131 398 3170 et
412 3118 493 3192 longo
510 3137 591 3192 sagax
613 3119 672 3170 loro
691 3133 729 3172 te·
773 3119 887 3192 legimus
896 3122 965 3172 enim
974 3119 1007 3173 de
1015 3120 1101 3185 tibiis,
1113 3141 1123 3164 u
1133 3121 1277 3190 Buxusque

228 3212 308 3252 uetur
319 3201 451 3252 Umber.»
468 3199 555 3254 Cerdo.
773 3215 852 3253 vocat
870 3201 1044 3275 Berecynthia
1059 3202 1151 3254 matris
1167 3200 1251 3252 Idaeae.
1262 3225 1274 3248 η

265 3277 325 3346 754.
340 3279 402 3328 Jam
409 3282 520 3351 jamque
532 3289 627 3331 tenens.
647 3280 687 3331 lta
699 3293 728 3332 ut
773 3280 839 3331 Item
855 3299 938 3350 quum
952 3280 985 3332 de
1002 3279 1143 3332 arboribus
1161 3278 1277 3346 diceret,

227 3355 350 3408 rideatur
368 3356 533 3408 intuentibus
552 3378 558 3406 :
581 3369 607 3409 et
625 3356 653 3409 hi
672 3357 726 3410 duo
777 3373 825 3412 «et
838 3373 916 3410 torno
927 3360 1005 3411 rasile
1017 3360 1125 3411 buxum.
1140 3381 1150 3404 n
1163 3358 1276 3410 Serv.—

227 3451 318 3486 versus
342 3434 453 3486 verbum
477 3436 511 3487 ad
532 3437 643 3488 verbum
666 3451 729 3489 sunt
776 3439 897 3491 Oleaster.
912 3439 998 3490 Docet
1009 3437 1127 3490 Turneb.
1140 3439 1214 3505 Vlll,
1231 3437 1275 3503 16,

226 3514 349 3566 translati
363 3513 397 3565 de
408 3515 568 3585 Apollonio:
580 3537 644 3569 sane
657 3535 729 3569 sum·
772 3520 926 3572 testimonio
941 3517 1133 3588 Theophrasti,
1152 3517 1275 3570 allusisse

225 3614 270 3646 ma
281 3592 412 3645 brevitate
425 3611 480 3646 rem
493 3595 614 3648 elocutus
629 3611 677 3651 est.
698 3599 725 3650 S.
771 3596 911 3670 Virgilium
923 3596 958 3650 ad
967 3597 1120 3649 Graecorum
1129 3599 1221 3664 ritum,
1230 3600 1275 3668 qui

226 3670 724 3735 —Ovid.Met.lib.l;etStat.Theb.V.
771 3676 1274 3747 inoleastrisvotivadonasuspendere

262 3751 322 3820 766.
337 3751 416 3802 Sacer
425 3751 538 3807 oleaster.
558 3758 624 3809 Fere
637 3759 725 3808 omnia
770 3757 907 3821 solebant,
929 3769 959 3808 ut
976 3758 1151 3810 vivacissimis
1170 3757 1274 3809 arbori·

225 3832 322 3882 Latina
342 3829 469 3882 arborum
488 3837 599 3887 nomina
621 3839 727 3908 generis
769 3837 834 3901 bus,
853 3855 904 3888 nec
920 3837 1055 3888 clavorum
1069 3837 1168 3890 aculeis
1180 3837 1273 3889 vulne-

225 3911 356 3961 fosminini
366 3923 440 3977 sunt,
451 3915 567 3984 exeeptis
577 3919 684 3986 paucis,
695 3931 724 3970 ut
768 3917 896 3986 ribusque
905 3915 964 3967 laedi
974 3916 1058 3967 solitis
1068 3939 1074 3967 ε
1085 3915 1158 3967 unde
1168 3928 1196 3968 et
1202 3936 1271 3987 poe·

227 3989 269 4040 bic
280 3987 402 4056 oleaster,
415 4002 442 4042 et
452 3991 499 4043 boc
508 3993 574 4045 siler.
582 3997 657 4066 lpse,
673 4010 724 4048 «ut
768 4009 815 4060 ιω,
826 4017 837 4040 ι
847 3994 965 4046 Palladia
975 3995 1041 4048 silva
1048 3995 1148 4047 vivacis
1157 3994 1243 4046 olivae.
1255 4017 1268 4041 s
