2742 4596
220 219 285 307 373
469 215 503 283 r.
528 173 758 282 virumn
781 216 1012 286 aaronis

326 343 360 394 Et
370 344 515 414 profugum
527 343 642 408 AEnean,
655 341 714 392 altre
725 342 875 412 primordia
884 344 974 396 Romae
985 367 991 394 :

360 426 421 492 Quo
433 424 536 476 nullum
547 425 623 476 Latio
636 423 733 476 clarius
746 435 831 475 exstat
843 443 919 494 opus.

220 547 333 608 Fabius
345 549 465 609 Paulin.
481 547 677 608 Hebdomad.
689 547 851 630 Virgilian.
865 545 922 608 lib.
936 547 969 606 l:
988 545 1068 607 «Sed
1083 547 1267 609 admirabile

220 651 282 712 est,
303 652 340 697 ut
351 640 389 700 de
403 641 511 699 ceteris
524 627 607 698 nunc
620 638 746 714 sileam,
766 659 861 719 quam
875 659 956 698 unus
970 639 1050 698 inter
1065 659 1173 699 omnes
1188 641 1267 698 Lati·
1340 705 1341 720 3

220 745 278 785 nos
295 729 427 786 emineat
446 729 478 786 in
494 729 581 788 omni
596 748 706 810 genere
724 728 826 787 laudis
845 739 950 787 noster
964 727 1054 786 Maro
1069 747 1075 786 :
1091 729 1124 787 in
1144 748 1209 808 quo
1223 738 1268 786 tot
1340 721 1341 772 Ϊ

221 827 294 874 sunt
315 829 460 898 congesta
477 817 562 876 bona
583 831 675 898 atque
693 818 834 891 virtutes,
853 829 889 876 ut
910 815 990 876 nihil
1010 829 1116 898 putem
1136 815 1267 896 cogitari

219 923 309 983 posse
322 903 476 967 divinius:
489 908 601 986 cuique
609 918 730 966 tantum
739 907 840 982 abest,
851 919 886 964 ut
898 925 1088 986 quemquam
1098 905 1268 966 anteferen-

221 993 296 1053 dum
311 1007 435 1076 putem,
451 1009 485 1055 ut
500 995 623 1055 nullum
638 997 769 1056 arbitrer
780 1007 904 1077 poetam
919 995 1013 1054 fuisse
1026 1007 1089 1053 tam
1104 994 1268 1076 impuden-

219 1096 299 1158 tem,
320 1086 373 1165 qui
391 1085 498 1166 plura,
519 1107 612 1166 quarn
632 1087 665 1145 in
680 1083 740 1147 hoc
759 1097 846 1158 sunt,
867 1085 979 1143 tacitus
999 1081 1125 1142 auderet
1145 1095 1267 1162 optare:

221 1185 276 1232 aut
287 1185 351 1232 tam
361 1177 407 1233 sui
419 1187 590 1251 amantem,
600 1187 752 1257 tantoque
763 1176 923 1256 opinionis
933 1193 1036 1233 errore
1045 1183 1075 1232 et
1087 1185 1192 1231 mente
1202 1191 1269 1251 cap·

222 1272 308 1334 tum,
329 1275 365 1321 ut
387 1283 458 1322 cum
481 1283 518 1322 eo
540 1265 727 1323 existimaret
749 1283 780 1321 se
801 1282 889 1344 posse
911 1261 1088 1322 conferri.»
1111 1261 1267 1339 Scaliger:

224 1373 238 1404 ιι
248 1349 524 1426 Quemadmodum
537 1355 690 1413 Antonius
701 1353 784 1435 apud
796 1353 977 1414 Ciceronem
988 1352 1026 1412 de
1039 1353 1157 1434 poetiS,
1167 1349 1269 1408 viden-

222 1451 274 1496 tur
288 1440 347 1520 ipsi
363 1439 424 1501 alia
436 1443 560 1523 lingua,
574 1463 667 1522 quam
682 1444 808 1517 Latina,
821 1441 921 1502 locuti
936 1463 942 1498 :
958 1443 1001 1500 ita
1018 1462 1035 1500 a
1049 1439 1141 1500 nobis
1155 1437 1194 1497 de
1204 1439 1270 1496 Vir·
1340 1457 1341 1494 ι

221 1524 297 1604 gil-io
311 1527 374 1588 dici
388 1528 481 1604 solet,
495 1533 586 1589 ceteri
602 1529 663 1588 alia
675 1529 797 1612 lingua,
811 1552 903 1612 quam
920 1530 1057 1612 poetica,
1071 1526 1153 1587 mihi
1166 1528 1214 1586 usi
1229 1525 1271 1582 vi·
1340 1595 1341 1618 :

220 1615 370 1678 dentur.»
383 1619 482 1679 Alibi:
498 1647 511 1676 ιι
521 1621 721 1680 llliusversus
731 1643 824 1680 nemo
835 1621 1015 1680 mortalium
1025 1615 1269 1700 aequarevaleat3
1340 1621 1341 1636 ¹

221 1717 294 1762 sunt
308 1704 393 1767 illius
406 1711 545 1768 carmina
562 1711 731 1784 inaccessa;
748 1709 894 1768 imitandi
912 1711 959 1768 sui
978 1730 1045 1790 spes
1063 1709 1208 1767 omnium
1223 1725 1270 1762 ex·

222 1792 339 1852 stinxit·
349 1794 431 1854 »Ἐῐε
450 1822 463 1851 ιι
475 1809 572 1877 poetae
588 1818 710 1872 omnes,
723 1799 778 1878 qui
793 1811 863 1879 post
873 1794 1041 1876 Virgilium
1053 1795 1157 1870 fuere,
1170 1791 1269 1852 decla-

222 1879 397 1942 matoribus
410 1885 524 1944 similes
537 1884 616 1944 mihi
629 1885 792 1948 videntur:
806 1888 876 1966 qui,
890 1887 967 1945 dum
981 1897 1087 1966 argute
1099 1881 1221 1964 aliquid
1231 1881 1270 1939 di·

223 1983 315 2044 cunt,
335 1971 416 2032 nihil
434 1977 523 2056 pensi
544 1974 679 2052 babent,
701 1975 779 2058 quid
799 1978 910 2056 cuique
931 1975 1012 2056 parti
1032 1975 1203 2054 majestatis
1224 1969 1270 2029 vel

223 2053 455 2138 incommodet,
471 2063 516 2122 vel
529 2061 736 2124 obsecundet:
755 2085 851 2144 quare
864 2077 892 2124 et
904 2083 1054 2122 numeros
1066 2061 1140 2122 laedi
1153 2077 1270 2120 necesse

224 2157 284 2219 est,
298 2161 329 2207 et
340 2152 440 2230 perire
452 2155 582 2232 gratiam
595 2175 630 2212 ex
643 2153 852 2213 affectatione.
864 2179 878 2208 ιι
890 2154 1003 2211 Muret.
1013 2151 1137 2210 Praefat.
1150 2151 1270 2210 Comm.

223 2233 256 2290 in
270 2234 370 2296 Catul.
390 2268 404 2299 ιι
416 2240 486 2316 Quo
499 2243 567 2300 viro
579 2255 683 2301 statuo
699 2239 779 2300 nihil
795 2239 862 2300 fieri
877 2261 965 2322 posse
978 2239 1150 2299 divinius.»
1172 2237 1271 2299 Alibi:

226 2347 239 2376 ιι
251 2325 296 2384 Αι1
306 2319 430 2410 Virgilii
446 2330 579 2412 gloriam
598 2334 746 2414 pertinet,
764 2332 841 2392 alios
856 2345 964 2413 poetas
979 2330 1097 2412 legere,
1115 2344 1152 2388 ut
1166 2327 1273 2388 intelli·
1340 2401 1341 2406 ἵ

225 2435 348 2494 gamus,
361 2435 516 2502 quantum
530 2425 553 2482 is
566 2423 700 2504 praestet.
711 2449 724 2478 ιι

262 2506 319 2565 Sed
335 2509 411 2588 quid
425 2532 482 2592 ego
502 2514 655 2572 immoror
672 2515 707 2574 in
720 2507 1029 2593 comparationibus?
1040 2511 1130 2590 loqui
1144 2509 1218 2568 volo
1232 2529 1273 2568 ex-

225 2605 272 2650 tra
286 2615 413 2656 omnem
429 2603 713 2683 comparationem,
725 2615 756 2660 et
769 2598 922 2658 addacem
936 2601 1114 2659 testimonia
1129 2597 1271 2668 illorum,

224 2681 278 2758 qui
298 2683 331 2740 in
347 2684 518 2774 attollendo
531 2689 664 2772 Virgilio
682 2701 814 2747 utuntur
833 2685 1037 2768 superlatiore
1053 2684 1170 2766 gradu,
1189 2683 1272 2765 quasi

224 2768 428 2852 indignentur
442 2777 532 2838 illum
545 2779 712 2839 admiscere
724 2776 859 2837 aliorum
871 2777 1008 2836 lacibus.
1023 2777 1106 2856 Ergo
1121 2774 1185 2832 fuit

388 2963 391 2966 ·
445 2941 640 2981 vlnoialus
661 2942 828 2980 MAXIMUS
849 2937 1055 2980 romanum

265 3049 408 3112 Produco
421 3055 527 3133 primo
545 3057 759 3119 testimonium
776 3055 905 3130 Mureti,
923 3052 977 3134 qui
991 3049 1112 3112 Praefat.
1128 3051 1163 3108 in
1177 3048 1274 3109 Catul.

225 3131 356 3214 loquens
368 3139 406 3198 de
417 3139 565 3222 Virgilio:
583 3167 596 3197 ιι
608 3143 666 3203 Cui
681 3143 787 3202 videar
799 3143 948 3224 injuriam
958 3139 1073 3213 facere,
1086 3139 1112 3204 si
1125 3158 1198 3196 eum
1211 3135 1274 3198 ullo

225 3224 321 3284 modo
334 3249 404 3288 curn
413 3233 528 3297 ¹ceteris
541 3253 728 3314 comparem.
741 3260 754 3290 n
771 3233 848 3292 Inde
860 3231 1067 3313 signatissime
1079 3228 1216 3308 Scaliger
1225 3246 1276 3286 sae·

226 3331 266 3390 pe
285 3315 345 3384 ait,
364 3320 408 3376 vir
422 3319 658 3402 incomparabilis
663 3347 675 3396 ,-
694 3323 767 3402 quia
783 3315 852 3380 vere
865 3333 910 3378 est
926 3334 1009 3377 extra
1024 3336 1152 3375 omnem
1167 3316 1275 3374 aleam.

225 3399 328 3480 Ergo,
342 3405 366 3462 si
384 3407 658 3488 incomparabilis,
673 3413 729 3470 erit
742 3411 849 3494 utique
864 3407 1019 3467 Maximus
1037 3407 1198 3476 omnium,
1212 3421 1275 3460 non

226 3499 349 3550 tanturn
364 3493 465 3575 Major
478 3500 637 3559 omnibus.
649 3500 757 3560 Gradu
772 3501 878 3580 itaque
888 3495 1076 3578 superlativo
1090 3496 1124 3552 in
1138 3491 1277 3552 attollen-

225 3575 268 3636 do
278 3581 409 3660 Virgilio
424 3595 553 3644 utuntur
568 3587 677 3662 multi,
694 3586 821 3668 qui'tibi
836 3587 950 3668 passim
963 3583 1059 3643 obvii.
1069 3583 1140 3662 llgo
1152 3580 1207 3640 *hic
1219 3580 1276 3639 tibi

228 3669 316 3747 signo
336 3691 464 3750 paucos,
482 3675 625 3734 videlicet
641 3679 800 3750 Senecam,
820 3678 873 3756 qui
891 3673 1039 3755 Epistolis
1055 3684 1086 3730 et
1099 3691 1168 3752 cap.
1184 3671 1226 3729 lx
1241 3669 1276 3727 de

227 3760 337 3818 Brevit.
351 3761 438 3834 vitae,
451 3765 605 3827 Maximus
618 3780 704 3827 votes.
718 3769 914 3826 Lactantium
927 3762 983 3824 lib.
994 3761 1024 3822 ll
1036 3763 1108 3828 Div.
1122 3763 1197 3822 lust.
1210 3761 1277 3820 Poe·

229 3861 257 3906 ta
269 3849 429 3906 Maximus.
449 3851 604 3930 Plinium,
619 3857 672 3935 qui
686 3855 742 3915 lib.
757 3857 836 3915 XIV.
856 3851 1161 3914 Proecellentissimum
1174 3862 1276 3909 vatem.

230 3935 445 4010 Ammianum,
459 3941 511 4016 qui
527 3941 685 4018 excelsum,
698 3946 964 4006 eminentissimum.
978 3942 1210 4024 Augustinum,
1225 3939 1277 4020 qui
