2726 4592
302 321 398 384 PER
421 317 588 383 ANNOS
611 315 840 384 Dtesss‘rn.
1031 323 1093 388 323

44 450 186 512 creditur
200 449 240 510 ab
252 449 385 510 Horatio
401 448 534 510 Carmen
549 446 607 521 lll,
619 443 693 504 libri
709 448 738 519 l,
756 447 827 507 «aie
844 459 876 508 te
892 449 972 509 Dira
986 462 1095 530 potens

46 540 197 698 CYDrdM
189 639 225 699 iu
240 636 361 696 Graecia
374 630 449 710 fuit,
466 635 560 694 tertio
571 633 795 715 Georgicorum
807 632 890 694 libro
902 617 1101 718 splendidum

45 725 127 785 illud
152 701 337 784 exordium.
361 747 375 778 ιι
389 680 513 783 Primus
536 721 688 783 Idumaeas
707 721 838 782 referam
859 722 933 799 tibi,
953 725 1099 804 Mantua,

44 812 185 895 palmas,
196 838 210 869 a
230 810 374 871 additum
386 811 479 872 fuisse
493 831 565 870 cum
578 791 701 870 Gatroeo
717 813 884 870 Wartonus
895 812 1026 893 putabat
1038 815 1101 898 Life

44 903 86 985 of.
100 899 200 984 Virpil
210 923 242 984 p.
257 921 311 982 27,
324 921 360 960 ex
375 902 632 984 interpretatione
647 900 765 960 scilicet
777 919 889 983 parum
902 898 1020 962 subtili.

85 1003 213 1076 Fuisse,
229 1004 283 1082 qui
297 1021 369 1062 eum
383 1002 417 1061 iu
430 1001 539 1060 itinere
549 1001 675 1060 Tarenti
688 1002 754 1063 vita
764 999 923 1060 excessisse
936 1001 1102 1079 traderent,

48 1089 87 1150 ad
97 1091 262 1150 Donatum
273 1091 299 1169 S.
313 1091 362 1167 51,
374 1089 492 1150 dictum
504 1114 511 1150 ε
525 1092 588 1150 sive
596 1103 703 1150 tamen
712 1089 854 1164 Tarenti,
868 1091 932 1150 sive
940 1091 1101 1152 Brundisii

47 1178 177 1252 obierit,
192 1189 327 1257 utraque
341 1177 416 1237 urbs
431 1197 530 1258 quum
545 1177 584 1237 ad
597 1175 774 1237 Calabriam
789 1175 954 1252 referatur,
968 1175 1044 1238 hinc
1057 1180 1104 1238 in·

45 1263 237 1346 telligendus
258 1285 367 1326 versus
387 1265 572 1348 Epitaphii:
595 1267 752 1326 «Mantua
768 1283 818 1324 me
839 1265 961 1345 genuit,
979 1265 1104 1326 Calabri

45 1376 192 1438 rapuere,
207 1381 221 1411 a
237 1353 270 1414 h.
285 1357 319 1415 in
336 1354 485 1416 Calabria
497 1357 567 1416 vitae
581 1370 724 1437 ereptum
736 1377 768 1416 se
785 1353 949 1436 significat.
967 1353 1006 1414 cf.
1020 1355 1105 1418 Pho·
1138 1399 1139 1402 =

47 1466 97 1505 cas
113 1467 142 1504 v.
164 1445 237 1521 105,
253 1459 310 1504 «ut
323 1445 472 1505 Calabros
492 1447 625 1526 tetigit...
644 1445 810 1507 vehemens
831 1443 950 1504 luxavit
971 1465 1105 1530 corpora

48 1534 189 1595 morbus.
203 1560 217 1590 n

86 1634 167 1694 Ossa
178 1631 303 1714 Virgilii
316 1633 471 1716 Neapoliu
485 1635 646 1710 translata,
661 1647 691 1694 et
703 1634 747 1693 ibi
762 1635 796 1696 in
811 1636 861 1694 via
874 1633 1047 1695 Puteolana
1061 1657 1105 1698 se-

46 1722 147 1806 pulta.
163 1722 228 1782 vid.
244 1723 361 1784 Donat.
374 1723 398 1802 S.
422 1722 473 1798 55,
489 1725 542 1800 56,
560 1737 590 1783 et
607 1721 652 1783 ibi
674 1725 744 1784 Not.
762 1723 852 1806 Apud
872 1725 1106 1806 Hieronymum

46 1813 117 1873 loco
128 1815 184 1873 cit.
197 1837 211 1869 a
222 1814 298 1872 Ossa
308 1811 374 1894 ¹ejus
386 1813 541 1896 Neapoliu
553 1814 704 1874 translata
715 1816 749 1874 in
760 1815 895 1875 secundo
907 1813 945 1874 ab
957 1813 1035 1876 urbe
1044 1816 1105 1875 mi-

45 1899 139 1960 liario
157 1899 371 1984 sepeliuntur,
385 1901 479 1962 titulo
491 1903 669 1962 istiusmodi
684 1923 779 1984 supra
793 1904 923 1984 scripto,
937 1923 1031 1982 quem
1041 1923 1108 1963 mo·

48 1991 132 2050 riens
153 1992 220 2074 ipse
240 1989 433 2051 dictaverat:
454 1993 622 2054 MANTUA
641 1993 701 2054 ΜΕ
725 1991 893 2068 GENU1T3
918 1991 1005 2076 quod
1022 1993 1108 2075 apud

45 2079 209 2140 Donatum
223 2078 247 2157 §.
264 2078 301 2138 55
315 2076 414 2160 legaS,
427 2092 456 2137 et
471 2080 505 2138 in
521 2078 735 2140 Eusebianum
750 2077 933 2139 Chronicon
945 2077 1032 2139 haud
1049 2079 1108 2140 du·

46 2167 99 2226 bie
120 2165 161 2226 ab
183 2167 410 2252 interpolatore
424 2171 525 2244 venit3
541 2172 707 2252 repetitum
722 2170 795 2229 inde
815 2171 991 2229 aVincent.
1005 2169 1109 2230 Bello-

51 2278 118 2316 vac.
131 2256 253 2338 Specul.
266 2255 339 2319 hist.
350 2259 423 2333 Vll,
434 2261 483 2320 60.

90 2347 138 2406 De
147 2359 332 2407 testamento
342 2349 468 2430 Virgilii
483 2369 512 2408 v.
523 2349 683 2408 Donatum
699 2348 722 2426 §.
738 2347 785 2408 56.

86 2435 172 2494 Eum
197 2434 305 2516 paullo
331 2449 403 2498 ante
427 2450 559 2498 mortem
587 2436 721 2510 scrinia,
746 2435 887 2518 adeoque
916 2436 1024 2498 omnia
1049 2456 1124 2508 sua,

48 2523 166 2605 scripta
194 2523 255 2602 (ut
275 2525 370 2586 etiam
386 2526 618 2586 Grammaticus
640 2527 675 2584 iu
696 2523 867 2605 Antbolog.
889 2523 944 2584 lat.
970 2521 1106 2600 11,184,

48 2613 113 2673 vid.
132 2610 216 2672 inira
233 2615 316 2675 inter
331 2617 525 2676 Testimonia
543 2637 574 2675 n.
592 2613 665 2692 Vll,
686 2614 832 2696 accepit),
853 2613 1038 2675 comburere
1052 2635 1109 2676 vo·

48 2705 164 2776 luisse,
184 2723 274 2780 mox,
294 2717 328 2764 ut
342 2707 447 2766 AEneis
470 2705 579 2766 saltem
599 2701 852 2779 combureretur,
867 2716 1031 2786 tamquam
1047 2705 1109 2764 im-

48 2791 225 2873 perfectum
246 2813 342 2874 opus,
364 2804 551 2854 testamento
572 2794 743 2876 scripsisse3
767 2792 912 2866 tandem,
934 2795 1108 2854 amicorum

49 2879 198 2962 precibus
221 2881 355 2957 victum,
378 2883 475 2942 Vario
495 2905 529 2942 ac
546 2883 669 2957 Tuccae,
689 2879 858 2962 dequibus
878 2902 907 2938 r.
931 2879 970 2938 ad
990 2881 1109 2942 Donat.

50 2968 74 3046 ς.
89 2967 145 3040 53,
161 2968 277 3050 scripta
286 2989 343 3034 ¹sua
354 2969 471 3050 legasse
483 3015 492 3043 ,
504 2991 539 3029 ea
553 2970 611 3029 sub
627 2969 824 3043 conditione,
841 2987 881 3027 ne
897 2965 1108 3042 emendarent,

49 3067 159 3116 narrat
171 3057 315 3118 Donatus
329 3058 353 3138 §.
371 3061 417 3120 52.
433 3059 481 3120 53.
497 3059 543 3120 Ab
556 3061 594 3119 iis
606 3071 711 3120 tamen
722 3106 731 3136 ,
742 3055 830 3142 jussu
848 3057 994 3132 Caesaris,
1006 3057 1111 3116 AEnei·

50 3145 122 3204 dem
140 3147 338 3208 emendatam
353 3170 437 3223 esse,
458 3151 489 3208 in
511 3149 618 3209 eadem
638 3149 797 3231 farragine
815 3147 1042 3226 memoratur§.
1058 3145 1111 3222 56,

51 3233 138 3316 quod
167 3236 211 3294 ita
235 3237 404 3319 intelligas,
430 3255 466 3298 ut
488 3237 688 3300 emendarint
711 3239 838 3322 quidem
860 3233 1019 3311 tollendo,
1042 3256 1111 3298 non

51 3337 157 3384 autem
170 3324 329 3401 addendo
321 3349 372 3386 ·v.
386 3350 454 3410 sup.
470 3329 507 3388 ad
520 3329 635 3392 Donat
651 3331 681 3410 S.
695 3329 743 3412 59.
758 3329 803 3388 lta
820 3327 884 3388 fere
897 3326 1110 3408 Hieronymus

52 3411 175 3471 Chron.
188 3414 300 3472 Euseb.
321 3413 362 3474 ad
377 3415 504 3498 Olymp.
521 3439 592 3496 190,
607 3415 672 3492 [bn
686 3418 801 3478 Vanus
814 3429 844 3474 et
855 3413 1113 3494 Tucca,Vrrgrlu

52 3510 82 3556 et
92 3497 218 3558 Horatii
233 3502 490 3578 contubernales,
503 3517 603 3586 poetae
616 3503 774 3564 habentur
785 3503 932 3576 illustres,
946 3521 1000 3580 qur
992 3501 1113 3560 AEnei·

53 3584 112 3644 dos
122 3598 234 3664 postea
244 3587 344 3648 libros
357 3589 566 3650 emendarunt
576 3590 633 3649 sub
642 3613 676 3650 ea
686 3589 771 3670 lege,
784 3603 819 3649 ut
833 3587 913 3650 nihil
926 3585 1110 3648 adderent.»

53 3671 166 3730 Nescio
182 3691 223 3730 an
237 3675 320 3733 inter
333 3677 457 3737 sublata
476 3675 676 3738 referendum
692 3677 731 3736 sit
745 3674 842 3750 illud,
862 3674 948 3758 quod
969 3673 1053 3756 apud
1065 3675 1114 3733 Se-

54 3781 121 3822 nec.
147 3763 232 3823 Suas.
257 3763 290 3841 3,
313 3781 330 3824 e
351 3766 486 3848 Virgilio
509 3767 680 3826 excitatur:
701 3765 790 3848 plena
810 3765 873 3824 deo.
894 3765 1013 3826 Locum
1032 3761 1113 3824 illud

55 3849 174 3912 habere
185 3855 293 3935 potuit
306 3855 341 3914 in
357 3857 426 3916 AEn.
442 3857 494 3916 Vl.
510 3854 596 3918 Nihil
611 3869 716 3916 tamen
730 3876 765 3914 ex
779 3853 906 3915 AEneide
921 3851 1114 3918 intercidisse

58 3940 178 4022 alioqui
187 3954 393 4003 memoratur.
402 3945 474 4004 Fuit
484 3959 589 4004 tamen
599 3945 712 4026 Guyeti
721 3963 866 4020 acumen,
880 3939 965 4024 quod
979 3955 1115 4022 quatuor

57 4043 211 4092 extremos
231 4031 367 4093 AEneidis
386 4033 483 4096 libros
497 4036 630 4116 Virgilio
652 4033 857 4115 abjudicaret:
878 4053 949 4093 nam
965 4032 1014 4090 lo.
1034 4035 1114 4091 llar-

893 4149 933 4183 21.
