2706 4596
406 358 761 428 EDITIONIBHS.
1048 366 1107 434 531

58 487 116 549 lib.
132 489 161 563 Ι,
176 486 222 560 ΙΙ,
236 484 279 544 lll
293 497 324 542 ct
336 483 377 556 X,
393 483 449 556 ΙΙΙ,
464 483 521 542 XII
537 482 684 542 AEneidis.
704 483 753 561 (B.
773 484 808 544 A.
830 486 884 565 G.)
904 486 1016 569 lugens
1036 489 1110 554 libri

55 579 160 640 moles
173 596 223 636 me
235 573 398 645 deterruit,
415 592 477 652 quo
491 573 593 631 minus
608 592 644 632 eo
658 586 767 633 uterer.

545 706 630 766 1600.

100 843 138 900 p·
155 842 192 902 V,
207 839 252 902 Μ,
268 839 364 919 opera
380 849 410 898 et
424 839 456 896 in
470 856 505 896 ea
519 837 621 898 Mauri
636 837 728 898 Servii
744 838 892 900 Honorati
904 843 1114 914 Comnientarii

56 952 96 990 ex
110 929 260 1008 annanias·
277 923 488 1006 exemplaribus
503 921 588 1005 lonae
602 922 732 986 meliores
748 937 776 985 et
785 929 934 988 auctiores.
951 934 997 992 Ex
1012 935 1113 999 biblio·

59 1019 146 1082 ffiaea
157 1019 192 1076 P.
205 1014 344 1076 Danielis
354 1016 384 1076 J.
401 1015 432 1074 C.
447 1013 519 1076 Aac.
532 1010 622 1074 Fabii
636 1013 811 1074 Planciadis
825 1016 981 1098 Fulgentii
999 1023 1114 1091 liberale

57 1109 242 1171 commata
257 1101 425 1185 Virqiliana
446 1106 591 1164 auctiore
612 1105 679 1164 MS.
697 1103 759 1164 coel.
776 1117 806 1164 et
819 1106 906 1166 Junii
924 1109 1113 1197 Philargyrii

57 1201 224 1260 Commeat.
240 1196 272 1254 in
284 1197 358 1253 Bac.
372 1205 402 1252 et
412 1193 562 1273 Georpica.
576 1193 670 1252 Paris.
685 1192 754 1252 Seb.
768 1194 899 1256 Nivelle.
911 1241 918 1256 .
931 1243 938 1257 .
951 1243 959 1260 .
971 1201 1007 1261 .l.
1026 1209 1111 1269 1600.

101 1289 152 1367 (B,
165 1287 199 1348 Α,
215 1285 269 1363 G.)
282 1281 483 1344 Nobilissima
495 1282 592 1342 aditio
606 1296 734 1364 propter
746 1284 841 1342 Servii
856 1298 1113 1375 commentarios,

57 1399 144 1464 quos
163 1389 324 1458 sequentes
341 1373 405 1432 fere
418 1371 488 1434 edd.
503 1372 578 1432 hinc
596 1377 786 1454 expressere,
804 1373 855 1433 sed
869 1377 930 1436 alia
944 1380 1010 1442 aliis
1022 1389 1115 1448 vitio·
1235 1441 1244 1452 ,

57 1473 135 1530 sius.
151 1465 321 1527 Historiam
334 1461 422 1524 codd.
434 1463 470 1521 P.
483 1458 615 1551 Danielis
631 1484 657 1521 a.
670 1465 703 1522 in
714 1464 746 1524 V
743 1483 836 1544 oyaqe
851 1461 904 1526 litt.
918 1465 954 1527 de
967 1469 1045 1534 deux
1054 1481 1112 1536 Be.

59 1555 157 1619 ne'dic.
173 1557 256 1632 Tam.
269 1555 302 1626 l,
316 1572 386 1633 pag.
400 1550 450 1610 65.

308 1691 468 1757 Editiones
480 1691 571 1780 bajus
583 1695 689 1770 saculi
699 1718 723 1759 a.
738 1720 767 1760 a.
782 1709 873 1769 sant:

101 1847 250 1912 Manuale
259 1849 291 1910 V
287 1845 493 1930 crqilianum...
504 1845 608 1908 lodoci
619 1847 707 1908 Badii
715 1847 848 1909 Ascensii
855 1856 1061 1920 sententiarum
1071 1861 1114 1922 di-

59 1941 240 2006 lucidatione
254 1942 391 1998 inornala
392 1979 846 1998 ························
853 1939 916 1999 obl.
928 1943 955 2000 8.
969 1964 991 2003 s.
1007 1945 1028 2005 l.
1042 1963 1072 2009 et
1086 1973 1114 2012 a,

101 2033 153 2110 (B.
171 2030 204 2088 A.
217 2027 273 2103 G.)
286 2027 382 2084 Totus
393 2024 502 2084 titulus
513 2022 612 2084 libelli
623 2045 783 2107 expressus
790 2026 857 2106 jam
873 2030 904 2088 in
918 2031 1017 2093 Catal.
1032 2037 1063 2098 B.
1079 2035 1114 2100 R,

58 2121 160 2183 Paris.
179 2119 259 2177 Poe't.
276 2135 307 2173 n.
324 2115 392 2172 821.
408 2112 557 2172 Praelatus
570 2113 691 2173 Ludov.
706 2114 1115 2206 Habenwanglllchingen-

60 2215 115 2272 sis.
132 2205 299 2266 Character
312 2204 487 2262 litterarum
502 2215 548 2261 cst
562 2201 768 2284 neogothicus
783 2219 812 2264 et
827 2207 976 2285 ingratus.

102 2297 203 2360 Editio
219 2294 388 2357 Colinoeana
401 2313 425 2352 s.
441 2315 467 2352 a.
484 2294 517 2351 in
532 2291 681 2352 Biblioth.
699 2293 772 2370 Reg.
790 2294 888 2354 Paris.
906 2317 937 2354 n.
958 2301 1015 2362 828
1032 2317 1063 2364 et
1080 2307 1114 2366 in

57 2383 211 2451 Biblioth.
224 2379 334 2443 Smith.
347 2403 417 2463 pag.
428 2381 485 2458 DI,
499 2399 594 2460 quam
609 2403 626 2439 a
641 2381 812 2439 Maittairio
826 2383 857 2439 in
871 2384 948 2444 Hist.
959 2386 1116 2474 Typogra.

58 2478 117 2562 ph.
129 2477 225 2535 Paris.
236 2483 376 2532 notatam
386 2489 452 2530 non
464 2469 572 2544 vide03
583 2483 615 2528 at
626 2469 658 2528 in
668 2469 779 2528 Annal.
790 2471 824 2528 T.
835 2470 894 2547 ΙΙΙ,
903 2493 935 2554 p.
947 2473 1014 2535 318.
1025 2479 1059 2538 T.
1069 2482 1114 2558 ΙΙ,

87 2613 94 2626 .
131 2586 166 2623 οι
183 2563 222 2624 de
233 2583 266 2621 ea
282 2583 297 2621 a
322 2563 355 2620 it.

60 2591 83 2652 p
104 2565 206 2713 batto
218 2584 420 2730 flenrlsrept.
432 2651 601 2730 priniana.
615 2647 666 2708 setl
682 2647 721 2707 ad
736 2645 810 2732 1577
823 2649 995 2713 referenda.

105 2745 142 2802 P.
152 2743 189 2803 V.
198 2741 244 2799 M.
257 2738 394 2798 Bucolica
401 2749 427 2798 et
436 2740 576 2820 Georqica
585 2759 651 2798 cam
662 2739 984 2822 Comnrentosamiliari.
993 2743 1115 2822 (Herm.

60 2828 261 2906 Torrentini)
275 2827 370 2884 Paris.
386 2827 533 2908 impressa
547 2845 604 2907 per
615 2826 750 2885 Felicem
763 2826 956 2908 gBalligault..
969 2875 976 2890 .
990 2855 1026 2894 .s.
1043 2857 1069 2895 a.
1084 2835 1115 2912 4.

104 2912 252 2978 Bibliotb.
263 2915 380 2972 Bunau.
393 2913 427 2971 Τ.
438 2915 467 2989 Ι,
479 2933 550 2998 pag.
564 2913 633 2972 302.
646 2915 749 2972 Etiam
759 2915 793 2972 in
802 2913 953 2976 Biblioth.
964 2919 1118 2996 Hulsiaua

62 3019 97 3067 et
113 3003 182 3064 aliis
195 3001 318 3062 laudari
335 2999 449 3062 videas.

107 3092 275 3154 Editionem
288 3109 311 3148 s.
327 3087 346 3148 l.
361 3101 386 3149 et
403 3109 432 3149 a.
450 3109 516 3150 cam
528 3088 599 3149 Ata
615 3092 748 3150 Munatii
760 3089 901 3174 epistola,
917 3094 1026 3156 Italico
1041 3097 1117 3167 cha·

62 3197 205 3260 metere,
228 3179 350 3240 viderat
370 3179 560 3238 Maittairius
579 3181 691 3239 Annal.
710 3180 909 3264 Typograph.
923 3186 959 3244 T.
976 3187 1023 3264 11,
1046 3211 1117 3272 pag.

66 3285 144 3352 149,
164 3287 257 3350 quarn
270 3286 288 3327 a
303 3264 407 3326 Barth.
423 3267 517 3341 Trot,
535 3265 722 3348 lugdunensi
739 3268 952 3352 typographo,
972 3294 1117 3338 excusam

63 3383 131 3425 esse
144 3359 285 3444 putabat.
295 3357 400 3416 Habui
415 3375 483 3415 eam
496 3355 633 3440 postbaec
645 3359 678 3415 in
690 3355 853 3446 manibus,
867 3360 993 3442 vidique
1003 3386 1039 3424 ex
1050 3367 1119 3429 Ald.

62 3475 115 3538 pr.
135 3467 311 3532 expressam
329 3467 364 3505 ac
378 3447 543 3528 repetitam
555 3466 636 3522 esse,
651 3465 709 3505 nec
723 3466 781 3526 pro
795 3446 902 3506 eadem
921 3447 1117 3516 habendam:

64 3545 122 3603 ita.
136 3558 165 3596 v.
181 3558 206 3597 c.
220 3558 250 3618 p.
266 3537 296 3612 Ι,
311 3534 367 3596 lin.
381 3548 456 3596 extr.
471 3533 574 3598 Malus
584 3556 636 3618 epo
650 3548 817 3604 exaratum.
832 3536 881 3612 (B.
895 3539 929 3596 A.
943 3539 1000 3621 G.)

108 3622 246 3687 AEneidus
263 3621 328 3683 libri
344 3624 390 3686 Vl
408 3625 474 3684 sine
487 3621 599 3698 titulo,
618 3619 648 3698 A.
668 3638 883 3684 memorantur
896 3627 1067 3692 Maittairio
1084 3634 1119 3693 in

63 3717 175 3780 Indice
187 3712 297 3774 Annal.
313 3735 344 3794 p.
358 3713 427 3774 331.

109 3802 201 3866 Culex
214 3824 281 3863 cam
294 3801 360 3862 aliis
374 3823 399 3862 s.
415 3825 442 3862 a.
455 3805 474 3864 8
487 3799 560 3884 maj.

108 3894 225 3974 Georpii
242 3889 440 3952 Alexandrini
459 3890 627 3972 (Merulae)
643 3890 868 3952 Emendationes
889 3896 921 3954 in
941 3893 1072 3978 Plinium
1091 3913 1120 3960 et

68 3985 100 4046 V
99 3979 227 4064 irqiliam
238 4003 246 4038 :
260 3977 408 4057 subjectae
423 3977 488 4060 ejus
499 3981 533 4038 in
544 3979 674 4038 Librum
689 3979 728 4040 de
741 3981 878 4040 Homine
889 3983 1011 4044 Galeoti
1024 3986 1117 4070 Oper.

66 4071 97 4146 4.
114 4092 136 4132 s.
153 4091 181 4130 a.
196 4072 229 4129 in
244 4069 353 4129 Goezii
368 4068 559 4130 Bibliotheca
571 4071 680 4134 Dresd.
694 4074 729 4134 T.
742 4073 785 4148 ΙΙ,
798 4093 828 4154 p.
844 4083 914 4155 20'7.

933 4172 976 4238 st.
