2704 4582
234 345 292 391 102
328 311 330 316 ¹
556 327 934 392 COMMENTARIA

226 458 389 508 vocaverat
400 450 554 509 minorem
566 451 684 522 Deum;
706 451 738 508 in
753 450 871 530 majore
888 463 996 510 contra
1008 452 1169 526 Turnum-¹,
1194 449 1293 508 Her-

227 539 326 598 culem
340 541 467 600 invocat
478 537 627 620 majorem
641 541 750 600 Deum.

233 660 236 672 ·
251 685 254 692 ,
267 627 336 702 460.
351 631 495 692 Precatur
507 631 686 706 Herculem,
704 651 796 712 quem
813 643 901 712 putat
915 632 975 690 sibi
991 651 1052 690 esse
1068 630 1288 702 devinctum,

228 720 311 799 quod
326 735 466 802 acceptus
475 722 584 782 fuisset
593 720 729 803 hospitio
740 743 757 781 a
767 735 853 803 patre
863 721 1027 794 Evandro,
1041 742 1140 802 quum
1152 721 1290 778 Hercu-

226 803 270 864 les
281 805 392 868 advena
401 824 430 868 et
441 811 618 891 peregrinus
629 822 712 868 erat:
728 810 806 889 petit
819 829 890 868 vero
904 807 984 884 duo,
998 829 1080 882 rem,
1096 821 1127 866 et
1139 809 1289 866 circum·

228 895 377 953 stantiam
389 898 433 954 rei
446 919 452 954 :
467 917 531 956 rem
542 897 574 955 in
586 895 665 972 illis,
680 898 775 977 coeptis
785 895 947 976 inuentibus
956 895 1045 968 adsis,
1061 895 1178 976 quibus
1188 893 1289 966 uult,

227 993 263 1036 ut
274 981 397 1042 Turnus
407 983 514 1043 cadat:
529 983 793 1042 circumstantiam
805 983 837 1039 in
849 980 927 1056 illis,
937 995 1037 1041 cemat
1043 983 1182 1039 semineci
1189 1025 1200 1053 ,
1217 993 1287 1038 ete.

227 1067 384 1130 Sententia
397 1087 458 1132 est:
478 1074 564 1154 prius
577 1092 671 1154 quam
684 1072 833 1152 exspiret,
847 1083 951 1130 cernat
963 1091 1012 1128 me
1024 1069 1084 1132 sibi
1095 1071 1289 1150 rapientem

229 1157 347 1236 spolia3
362 1171 453 1240 atquc
467 1159 551 1218 illius
563 1148 645 1220 oculi
661 1160 871 1240 secumferant
884 1177 934 1238 me
946 1159 1096 1218 victorem
1110 1155 1161 1214 vel
1179 1154 1288 1214 inviti

228 1261 258 1305 et
268 1248 417 1310 nolentes.
425 1251 549 1310 Dixerat
561 1249 656 1307 modo
666 1250 803 1320 Turnus,
813 1267 945 1327 cuperem
955 1249 1012 1328 ipse
1019 1267 1124 1328 parens
1130 1257 1291 1326 spectator

226 1333 351 1410 adesset:
373 1339 470 1396 vicem
484 1357 556 1415 ergo
574 1335 742 1415 rependens
759 1331 876 1408 Pallas,
900 1335 957 1392 ait:
979 1337 1019 1395 sit
1035 1337 1099 1415 ipse
1116 1345 1289 1414 spectator

227 1443 290 1484 suae
309 1429 435 1500 mortis3
454 1447 518 1484 non
534 1427 673 1506 rapiatur
691 1425 795 1484 subito
811 1426 891 1499 ictu3
911 1423 964 1483 sed
983 1445 1145 1506 percussus
1161 1421 1288 1481 tandiu

177 1554 184 1571 .
226 1515 325 1588 vivat,
341 1515 481 1597 quandiu
493 1515 599 1575 doleat
610 1513 650 1574 de
661 1514 789 1573 interitu
803 1513 863 1572 sibi
876 1533 893 1571 a
907 1533 956 1572 me
968 1511 1066 1572 illato.

265 1602 334 1680 464.
352 1606 460 1665 audiit
472 1604 635 1680 Hercules,
655 1617 684 1664 et
696 1604 811 1663 frustra
825 1601 942 1677 audiit,
964 1605 1038 1684 quia
1051 1603 1177 1662 nullum
1193 1605 1231 1661 in
1250 1624 1287 1662 se

228 1693 377 1752 auxilium
390 1694 632 1775 impedientibus
644 1692 732 1766 latis3
746 1707 777 1752 et
789 1694 931 1752 incessum
947 1695 1041 1752 missoe
1053 1713 1165 1774 preces,
1181 1706 1220 1751 ut
1234 1691 1286 1752 lo·

228 1781 335 1858 quitur
347 1782 451 1840 Livius
464 1781 534 1840 libr.
547 1783 593 1840 ll:
609 1782 713 1860 itaque
728 1799 907 1860 compresso
922 1779 1040 1860 gemitu
1057 1781 1160 1860 erupit
1177 1780 1213 1837 in
1233 1777 1287 1836 la-

227 1888 366 1948 crymas,
388 1883 417 1929 et
433 1869 489 1930 has
506 1873 624 1946 inanes,
645 1885 681 1928 ut
693 1868 773 1928 nihil
790 1870 937 1929 valituras
952 1867 990 1928 ad
1002 1867 1162 1928 ferendam
1178 1889 1286 1950 opem

227 1954 359 2015 Pallanti
372 1979 378 2014 :
398 1970 427 2016 et
439 1955 582 2039 lacrymae
595 1957 723 2038 quidem
737 1978 773 2015 ex
789 1957 988 2016 miseratione
1005 1977 1063 2015 nec
1075 1958 1143 2015 Diis
1156 1977 1286 2037 negan-

228 2056 288 2101 tur.
308 2043 365 2102 llla
384 2044 475 2104 Ovid.
495 2047 533 2105 11.
554 2041 762 2126 Metamorph.
783 2065 874 2126 neque
893 2047 971 2104 enim
986 2045 1110 2104 coelestia
1129 2046 1205 2124 tinpi
1226 2065 1285 2103 ora

230 2128 296 2191 licet
308 2131 458 2216 lacrymis,
474 2154 510 2192 ex
524 2133 585 2193 alio
599 2133 712 2193 affectu
725 2132 911 2214 procedunt.

267 2218 336 2303 467.
347 2223 451 2298 Quum
461 2223 577 2283 videret
584 2225 730 2306 luppiter
740 2222 865 2282 flentem
875 2217 1040 2280 Herculem
1048 2219 1165 2294 fili-um,
1179 2218 1285 2280 solari

228 2307 318 2370 illurn
330 2313 424 2394 coepit
441 2313 479 2371 ab
494 2311 620 2372 decretis
632 2311 785 2385 fatorum,
800 2331 870 2392 quae
882 2311 997 2368 mutari
1009 2322 1169 2389 nequeunt
1181 2332 1187 2366 :
1208 2311 1286 2368 cui-

229 2418 290 2478 que
302 2402 383 2460 enim
400 2402 578 2462 mortalium
595 2415 710 2461 statuta
726 2412 770 2460 est
785 2393 850 2459 dics
867 2400 993 2458 mortis:
1015 2411 1044 2458 et
1060 2400 1124 2456 vita
1144 2397 1285 2476 quidem

229 2489 348 2562 omnis,
371 2493 579 2570 quamtumvis
600 2490 710 2570 longa,
733 2490 835 2547 brevis
857 2501 917 2564 est,
941 2488 965 2546 si
984 2499 1183 2568 comparetur
1202 2507 1283 2545 cum

189 2616 193 2624 ,
230 2578 402 2635 aetcrnitate
412 2580 546 2637 nominis
558 2575 703 2651 etiamen,
718 2597 811 2658 quam
822 2578 920 2635 virtus
931 2577 1022 2655 parit.
1035 2577 1159 2656 ltaque,
1173 2579 1285 2654 perire

229 2679 359 2740 corpus,
377 2667 525 2745 temporis
541 2679 604 2724 est:
626 2665 750 2724 extendi
763 2665 897 2738 famam,
918 2665 1050 2723 virtutis.
1069 2666 1145 2722 llem
1164 2677 1284 2743 postea

229 2748 327 2810 efficit
339 2754 505 2835 exemplis:
526 2775 600 2814 nam
613 2777 667 2814 cur
678 2754 779 2814 Pallas
795 2756 949 2814 eximatur
962 2774 979 2812 a
992 2767 1109 2826 morte,
1129 2773 1233 2832 quum
1247 2755 1284 2812 in

229 2837 364 2919 Trojano
381 2841 465 2902 bello
482 2841 649 2904 ceciderint
662 2841 754 2902 multi
767 2845 898 2916 Heroas,
919 2842 973 2921 qui
987 2841 1051 2898 nati
1066 2861 1082 2898 e
1097 2838 1187 2898 Diis?
1207 2841 1284 2898 Sar-

229 2929 335 3008 pedon
350 2934 461 3008 etiam,
483 2935 536 3014 qui
553 2933 636 2993 filius
654 2935 751 3014 ipsius
762 2934 867 2991 Jovis:
888 2933 964 3010 quin
982 2931 1103 2988 Turnus
1118 2931 1173 3010 qui
1190 2951 1284 2990 nunc

230 3015 354 3078 futurus
365 3023 485 3080 occisor
494 3020 644 3080 Pallantis
653 3065 661 3091 ,
670 3019 735 3100 jam
748 3018 845 3077 ferme
855 3017 893 3076 ad
905 3021 1021 3077 exitum
1032 3018 1104 3075 vitae
1115 3019 1265 3096 pervenit
1276 3041 1283 3075 ε

230 3123 359 3188 usurpat
383 3112 466 3169 enim
487 3123 609 3190 tempus
629 3111 837 3190 praeteritum,
864 3120 899 3166 ut
920 3105 1050 3178 indicet,
1075 3103 1282 3166 celerrimum

266 3246 732 3319 460.Perpatrishospitiumheest,
772 3251 812 3300 nis
834 3248 985 3318 imploravit
1009 3245 1156 3298 auxilium:
1189 3237 1281 3312 nunc,

230 3325 603 3378 mei.0btestaturllerculem
611 3326 729 3396 perhos-
773 3340 867 3378 contra
881 3326 987 3379 hostem
1007 3327 1136 3394 majorem
1156 3324 1280 3393 viribus,

230 3405 289 3473 pitii
300 3406 342 3470 jus
356 3423 416 3455 cum
426 3419 500 3474 patre
512 3406 635 3458 Evandro
646 3425 730 3478 quon·
771 3406 858 3456 Deum
867 3408 974 3456 invocat
984 3405 1082 3456 virtute
1091 3416 1277 3473 praestantem.

230 3485 293 3536 dam
307 3485 354 3534 lib.
365 3485 436 3548 Vlll,
455 3484 531 3536 aliae
543 3485 634 3538 limina
643 3488 728 3537 victor
807 3483 868 3550 468.
882 3484 1005 3535 Omnibus
1014 3493 1057 3534 est.
1067 3483 1168 3552 Magna
1178 3501 1278 3534 conso-

231 3563 337 3616 Alcides
348 3563 436 3612 subiit.
448 3587 458 3609 ιι
471 3563 553 3630 Quasi
564 3565 664 3617 diceret
672 3565 729 3616 Pal·
772 3562 852 3628 latio,
868 3581 926 3633 quae
943 3561 1058 3613 ostendit
1074 3580 1130 3612 non
1147 3579 1205 3614 esse
1223 3563 1278 3614 do-

230 3646 271 3697 las
279 3666 285 3706 3
294 3646 343 3695 etsi
351 3644 421 3694 Deus
429 3645 515 3694 lactus
523 3663 550 3695 es
558 3647 657 3696 meritis
666 3647 727 3710 tuis,
772 3641 852 3693 lenda
860 3643 1012 3693 communia
1021 3661 1027 3690 ε
1039 3641 1097 3710 quis
1106 3643 1179 3692 enim
1187 3642 1277 3713 indig-

229 3722 727 3793 fuistitamenaliquandohomo,fuisti
771 3722 1275 3794 neturcontingeresibiquodomnium

214 3797 216 3802 ¹
231 3805 329 3873 hospes
341 3804 424 3870 patris
436 3805 501 3866 mei,
518 3805 590 3856 fuisti
600 3806 724 3865 conviva3
772 3805 826 3853 est?
837 3805 907 3855 Seru.
915 3803 1106 3855 —Stoicorum
1119 3802 1276 3856 doctrinam

230 3881 370 3934 habesubi
384 3881 689 3935 vicemreddas.Donat.
770 3883 866 3947 refert,
889 3883 934 3952 qui
956 3881 1027 3933 Deos
1051 3881 1151 3932 colunt.
1176 3884 1274 3936 Cicero

267 3961 327 4027 461.
351 3961 387 4011 Te
401 3977 500 4032 precor,
518 3961 615 4012 Alcide.
639 3961 726 4031 Supra
769 3959 840 4012 idem
858 3961 894 4014 ait
911 3962 938 4011 in
954 3957 1163 4032 philosophicis,
1183 3975 1209 4012 et
1224 3961 1273 4013 Se-

232 4052 325 4093 contra
347 4041 499 4092 inferiorem
520 4038 624 4091 hostem
639 4039 725 4090 flumi-
769 4058 834 4092 neca
846 4041 946 4111 passim
958 4041 986 4092 in
998 4037 1124 4109 operibus
1137 4041 1202 4090 suis.
