2720 4588
245 339 306 406 228
569 325 952 424 COMMENTautt

281 461 349 538 42⁰·
369 451 537 535 Ignorabat
557 447 696 509 divinam
715 469 808 530 opem
826 451 925 532 lapis3
944 453 994 512 sed
1011 453 1231 520 fortasse'tune
1248 479 1287 521 ea

244 572 322 634 aqua
333 545 445 604 vulnus
455 538 549 614 fovit,
559 559 595 598 ac
609 533 715 597 statim
728 537 811 618 fugit
823 537 915 600 dolor
925 546 1027 604 omnis
1037 565 1206 628 ecorpore3
1217 571 1288 610 san·
1350 535 1354 552 ⁸

241 644 310 726 guis
325 637 408 697 stetit
423 636 486 691 imo
502 633 534 689 in
550 630 693 701 vulucre3
712 630 844 708 sagitta,
859 640 988 712 cogente
1002 638 1141 711 nemine,
1155 641 1222 716 ipsa
1235 659 1287 698 ex-

241 729 317 792 cidit
330 741 459 784 manum
474 718 584 777 leviter
603 716 752 775 tentantis
772 730 888 790 secuta3
908 731 938 777 et
956 722 1028 781 vires
1043 731 1145 798 'novoe,
1166 725 1287 784 scilicet

242 833 362 897 magnae
384 824 414 869 et
435 803 644 879 admirandae,
663 801 768 862 rediere
790 804 821 862 in
843 807 986 884 pristinu,
1006 807 1039 866 id
1061 822 1119 884 est,
1140 812 1173 868 in
1192 809 1288 870 usum

241 907 389 988 priorem.

280 990 349 1066 425.
360 984 523 1047 Perculsus
532 981 668 1041 medicus
678 978 738 1040 hoc
752 981 919 1057 miraculo,
930 981 1065 1044 clamare
1073 985 1164 1045 altius
1174 990 1287 1068 coepit,

243 1093 273 1141 et
284 1077 428 1150 omnium
443 1071 565 1130 animos
581 1067 746 1128 accendere
760 1082 867 1128 contra
881 1067 1001 1146 hostes,
1016 1085 1051 1130 ut
1065 1073 1211 1130 citissimi
1216 1095 1288 1154 pro-

240 1178 465 1252 perurentarmu
475 1163 550 1234 vim,
565 1158 596 1216 id
611 1171 670 1232 est,
688 1170 892 1237 properanter
903 1157 1054 1218 afferrent
1073 1182 1157 1220 arma
1172 1163 1289 1224 AEneae.

241 1257 326 1334 Quin
336 1255 543 1330 increpantem
552 1244 623 1327 quid
630 1243 724 1304 statis?
733 1245 954 1304 adducitetiam
967 1245 1074 1305 divina
1086 1263 1286 1328 argumenta:

239 1367 314 1408 nam
327 1342 442 1402 sanitas
452 1337 507 1398 illa
517 1357 582 1395 nou
595 1333 739 1396 humanae
752 1336 842 1410 artis,
855 1349 908 1394 aut
922 1335 1098 1410 mediciuae‚
1113 1358 1169 1397 nec
1180 1340 1224 1398 ab'
1235 1342 1286 1422 ip·

241 1437 303 1494 sius
321 1450 440 1491 mauu:
460 1424 514 1486 sed
528 1424 567 1484 ab
589 1424 708 1503 majore
727 1425 861 1482 Numine
882 1439 1022 1484 servante
1037 1426 1170 1501 AEncan,
1187 1441 1219 1486 et
1239 1449 1289 1488 re·

240 1525 383 1584 mittente
402 1516 491 1576 illum
512 1513 551 1572 ad
566 1512 639 1572 belli
654 1511 811 1588 laborem,
826 1511 943 1572 scilicet
957 1514 1069 1572 iterum
1088 1515 1228 1575 mittente
1245 1517 1290 1575 ad

241 1608 424 1670 inchoatum
437 1601 576 1674 bellum,
591 1614 622 1660 et
633 1621 718 1682 opera
731 1598 858 1684 majora,
874 1600 906 1660 id
919 1616 980 1676 est,
995 1602 1035 1661 ad
1047 1603 1143 1660 Turni
1156 1601 1288 1664 caedem.

280 1695 349 1770 430.
362 1691 442 1752 Vide
459 1689 719 1770 praecipitantiam
735 1689 795 1746 viri
815 1687 992 1748 bellatoris:
1007 1690 1057 1748 vix
1076 1691 1204 1750 sanitati
1216 1691 1290 1750 red·

240 1787 341 1856 ditur,
355 1799 453 1862 quum
468 1780 547 1850 suris
561 1776 664 1836 induit
678 1796 786 1834 aureas
806 1797 929 1852 ocreas,
944 1792 974 1838 et
988 1779 1063 1838 odio
1081 1778 1200 1840 habens
1219 1801 1289 1840 om-

241 1893 312 1932 nem
325 1889 462 1938 moram,
481 1864 603 1924 hastam
618 1865 736 1939 vibrat,
751 1863 894 1946 clypeum
907 1868 1003 1926 sumit
1014 1882 1045 1927 et
1058 1869 1202 1928 loricam:
1219 1884 1288 1930 tan·

239 1961 403 2038 tillamque
424 1975 544 2014 moram
562 1953 641 2012 facit
660 1955 694 2012 in
709 1951 966 2034 complectendo,
986 1959 1060 2016 etin
1073 1957 1287 2020 deosculando

239 2049 387 2108 Ascanio:
400 2046 443 2102 ita
450 2044 557 2102 omnia
565 2042 796 2122 praecipitauter
800 2086 810 2114 ‚
821 2043 893 2122 quia
904 2042 1006 2104 avidus
1013 2067 1130 2126 puqnoe.
1138 2047 1290 2128 Expende

242 2135 347 2216 aliqua
361 2157 367 2192 ι
382 2153 463 2202 sums
482 2129 551 2190 hinc
563 2143 649 2209 utque
661 2126 744 2202 hinc,
764 2127 797 2186 id
817 2141 877 2203 est,
900 2143 1065 2211 utramque
1080 2153 1205 2191 suram:
1226 2135 1288 2196 odit

241 2245 353 2296 moras,
367 2241 433 2280 non
450 2218 573 2298 abjicit,
585 2229 639 2276 aut
653 2215 739 2275 aliud
754 2217 883 2276 obvium
899 2240 906 2276 ι
921 2217 1068 2299 praeclare
1085 2219 1190 2280 habitis
1205 2220 1289 2283 lateri

240 2313 372 2395 clypeus,
386 2322 416 2368 et
430 2327 501 2366 cum
513 2306 665 2366 allusione
680 2305 719 2364 ad
733 2310 829 2385 ὀχῆας,
844 2307 877 2366 id
892 2322 951 2383 est,
964 2307 1097 2382 ansulas,
1112 2310 1227 2390 quibus
1240 2313 1288 2371 in·

242 2401 377 2460 nectitur
392 2395 533 2477 clypeum
555 2414 625 2474 quae
646 2393 728 2452 dicta
744 2395 795 2452 ἀπὸ
813 2403 859 2453 τοῦ
876 2395 945 2474 ἔχω,
961 2393 999 2454 ab
1019 2394 1166 2456 habendo:
1183 2396 1287 2457 filium

242 2485 442 2569 complectitur
461 2486 550 2542 armis
563 2484 658 2564 fluis,
682 2497 718 2541 ut
742 2480 827 2542 decet
847 2483 996 2558 militem,
1020 2506 1084 2546 non
1110 2485 1285 2568 ademptis:

242 2577 331 2655 quasi
345 2573 443 2643 dicat3
457 2570 563 2629 fundit
577 2590 669 2650 super
683 2567 785 2627 filium
800 2584 918 2629 armata
934 2568 1078 2645 brachia3
1095 2571 1206 2634 delibat
1219 2587 1288 2634 tau-

242 2675 310 2719 tum
323 2656 436 2728 oscula,
450 2658 504 2737 qui
519 2673 583 2736 pree
601 2654 750 2715 aviditate
764 2657 857 2715 eundi
874 2658 978 2716 noluit
997 2656 1126 2738 plenum
1145 2673 1286 2740 gustum,

241 2746 312 2808 ideo
327 2747 420 2805 etiam
439 2765 553 2804 summa
573 2742 687 2816 oscula,
709 2747 783 2825 quia
799 2747 848 2804 vix
867 2748 989 2827 attigit:
1007 2769 1105 2827 quum
1120 2750 1165 2808 ait
1176 2771 1289 2832 perqu-

245 2832 336 2906 haua,
351 2832 493 2892 decenter
508 2831 662 2912 significat
673 2831 810 2892 induisse
825 2854 951 2914 quoque
962 2832 1058 2893 illam.

282 2921 1289 3002 435.Sequunturaureiversus,quibusAEneasvultdscauiumdis·

243 3084 313 3137 uude
325 3102 466 3155 possumus
479 3094 505 3134 et
519 3081 644 3132 hocloco
659 3081 741 3133 salem
786 3084 944 3152 promittens
954 3106 965 3130 n
975 3104 982 3145 ;
992 3077 1061 3148 nepai
1070 3081 1096 3134 ui
1111 3084 1172 3146 uir,
1186 3099 1213 3138 et
1225 3085 1286 3142 ἄκος.

243 3165 404 3235 intelligam
418 3182 480 3215 nam
492 3179 598 3212 omnem
610 3159 686 3230 pellit
698 3160 743 3210 do·
787 3162 915 3215 Caeterum
933 3163 1014 3215 modo
1033 3164 1144 3216 notabat
1164 3163 1209 3216 hie
1230 3167 1288 3220 Ser·
1352 3159 1353 3164 ¹

242 3243 343 3293 iorem:
361 3241 408 3293 sed
426 3241 520 3293 melius
536 3238 661 3305 herbam,
680 3241 744 3309 quia
787 3245 858 3307 vius,
871 3243 1023 3295 Lucretium
1033 3263 1177 3316 panaceam
1186 3245 1285 3316 ubique

244 3323 281 3371 ait
295 3321 459 3391 odoriferum.
470 3320 523 3372 Alii
533 3337 675 3391 panaceam
686 3339 743 3372 me·
787 3322 867 3374 salem
882 3322 979 3374 dicere.
999 3322 1051 3374 Sed
1062 3323 1110 3374 ubi
1125 3323 1178 3374 hoc
1190 3325 1286 3378 Lucre·

245 3401 423 3452 dicamcntum
436 3401 542 3466 dicunt,
557 3418 589 3451 ex
599 3399 744 3470 compluri·
789 3403 858 3454 tius?
871 3421 933 3454 nam
946 3401 1098 3454 nullatenus
1113 3405 1203 3456 inveni
1216 3403 1287 3477 apud

244 3479 294 3530 bus
306 3477 396 3530 herbis
412 3483 604 3550 compositum,
624 3478 698 3549 quod
710 3478 745 3530 od
788 3480 871 3531 illum.

245 3577 324 3609 omne
336 3556 431 3608 vulnus
449 3560 531 3610 facit:
549 3559 619 3610 hanc
633 3559 745 3610 herbam
808 3557 884 3624 425.
903 3559 985 3610 Anna
1005 3559 1050 3610 citi
1068 3574 1205 3632 properate
1223 3564 1284 3616 viro.

244 3637 372 3688 Hercules
391 3650 485 3690 contra
504 3641 557 3690 vim
581 3658 745 3690 venenorum
789 3638 842 3690 Suo
855 3657 928 3690 more
943 3637 1060 3690 ostendit
1071 3642 1283 3696 festinationem:

244 3717 378 3769 Thessalis
393 3718 490 3770 dieitur
501 3722 668 3790 praestitisse:
682 3739 744 3772 saue
790 3731 850 3770 ante
858 3718 960 3771 induxit
970 3719 1137 3790 loquentem,
1149 3743 1230 3794 quam
1238 3727 1285 3796 sig·

243 3815 341 3848 nomen
353 3798 418 3848 mire
431 3801 617 3870 compositum.
628 3800 697 3851 Serv.
707 3831 740 3838 —
785 3797 903 3858 nificaret
914 3799 960 3868 qui
972 3797 1135 3869 loqueretur.
1156 3804 1239 3874 Atqui
1251 3806 1281 3856 si·

242 3879 398 3930 Panaceam.
409 3877 644 3940 Graecisrreninua,
655 3874 740 3932 etmi-
784 3881 1282 3950 cutuosproperamfestinaredicimus,

241 3977 320 4012 rensc:
341 3957 421 4026 uipse
434 3960 541 4010 nomine
552 3981 579 4023 n,
596 3971 626 4008 ut
636 3961 673 4010 ait
684 3959 739 4008 Pli-
783 3960 820 4010 ita
830 3959 932 4028 antiqui
944 3977 994 4030 pro
1004 3959 1065 4012 dare
1077 3961 1211 4016 dicebam.
1223 3963 1279 4018 Sal·

238 4038 311 4103 nius‚
330 4059 340 4084 u
352 4037 440 4094 omnia
450 4037 604 4090 morborum
618 4038 737 4089 remedia
779 4037 842 4090 lust.
856 4037 951 4091 «Soles
964 4040 1095 4093 festinate.
1109 4065 1119 4088 n
1131 4043 1201 4094 Serv.
