2704 4582
245 299 304 364 rsa
380 281 381 284 ‘
569 291 948 357 connunraml

116 477 117 480 ,
202 487 204 492 ,
237 440 302 479 esse
319 418 448 479 salntem
460 416 557 490 bello,
573 413 736 476 confundis
751 417 915 489 omnia,et
929 414 1033 484 turbas
1050 428 1148 474 metu:
1170 415 1226 474 sed
1245 413 1295 472 n'e

237 529 321 573 cessa
330 506 391 568 hoc
401 505 516 584 facere,
528 507 619 566 turba
629 519 781 586 quantum
793 505 891 564 voles:
902 526 976 564 nam
987 506 1012 564 si
1025 505 1145 564 extollis
1156 517 1294 586 gentem
1340 535 1341 538 ¹

236 597 418 678 Trojanam,
431 596 569 659 certabis
581 599 710 656 victam:
724 598 748 654 si
758 597 873 676 premis
885 596 986 654 Latini
999 616 1099 669 arma,
1110 609 1190 654 certe
1201 615 1220 652 a
1234 613 1294 652 me
1340 615 1341 618 ¹

237 691 386 752 victricia.
429 743 432 748 .
527 677 538 698 ⁴
760 754 765 766 Ι
1059 757 1060 760 ¹
1299 739 1301 744 .

276 778 344 853 403.
361 778 517 838 Sententia
530 787 574 836 est
586 775 722 856 ironica:
736 787 786 847 tu,
804 793 822 832 0
837 774 972 846 Drance,
986 773 1041 854 qui
1053 772 1145 831 nobis
1154 782 1291 830 metum

236 867 283 929 vis
305 869 441 949 ingerere
458 863 598 946 pulchris
621 865 681 924 tuis
703 862 892 938 mendaciis,
908 866 1053 937 mentire,
1076 875 1105 922 et
1122 862 1173 921 dic
1195 879 1291 920 nunc

235 953 422 1018 fortissimos
439 953 510 1012 illos
526 952 758 1033 Myrmidonas,
777 951 953 1010 tumeliam
967 949 1169 1024 Diomedem,
1189 961 1292 1027 atque

233 1039 387 1106 Achillem
403 1043 541 1106 timuisse
559 1061 643 1102 arma
658 1037 806 1120 Pluyqia,
826 1038 857 1096 id
878 1049 939 1112 est,
958 1036 1112 1096 imbellia:
1133 1037 1204 1117 quis
1223 1033 1294 1092 hoc
1340 1097 1341 1110 ἦ

235 1129 358 1190 credat?
377 1131 507 1193 mentire
521 1131 614 1188 ctiam
630 1149 753 1188 amnem
769 1127 887 1208 Apuliae
906 1123 1053 1188 Aufidum
1072 1140 1154 1184 retro
1174 1123 1293 1203 fugere

238 1215 277 1278 ab
296 1221 373 1279 mari
393 1219 566 1291 Adriatico,
582 1221 615 1276 in
631 1217 715 1300 quod
734 1216 854 1292 influit,
870 1224 1027 1297 permeato
1046 1214 1231 1296 Apennino,
1252 1223 1293 1268 nt

235 1306 387 1388 Polybius
402 1307 507 1370 scribit
523 1307 579 1368 lib.
594 1307 636 1368 Ill
651 1309 739 1388 δῖερῥεῖ
752 1310 795 1366 τὸν
810 1299 950 1366 insolam:
971 1307 1117 1378 mentire,
1134 1297 1292 1384 inquam,

235 1394 327 1454 illum
342 1409 423 1454 retro
439 1397 545 1476 fugere
560 1416 624 1476 prae
638 1409 721 1462 metu
732 1392 956 1474 Trojanorum,
973 1410 1007 1453 ut
1022 1392 1182 1473 quondam
1198 1390 1291 1448 Xan-

234 1479 308 1542 thus
323 1482 502 1542 Graecorum
519 1497 613 1542 metu.
630 1481 761 1542 Achilles
779 1482 895 1542 dicitur
912 1484 1066 1542 Larissaeus
1078 1481 1117 1540 ab
1132 1477 1211 1537 u'rbe
1226 1480 1291 1536 La-

236 1571 321 1628 rissa.
638 1568 639 1572 ’

274 1657 344 1732 406.
357 1661 480 1718 Dixerat
490 1659 644 1718 Drances:
655 1659 703 1718 det
714 1657 980 1742 libertatemfandi‚
994 1659 1082 1739 quasi
1094 1659 1239 1716 Turnum
1249 1655 1289 1712 ti·

234 1763 346 1808 meret:
359 1769 391 1806 se
401 1751 494 1806 etiam
506 1769 590 1808 nunc
601 1748 752 1828 pavidum
763 1747 932 1808 simulabat
942 1749 981 1808 ad
989 1749 1290 1806 Turnisermoncm.

234 1837 318 1913 Ergo
339 1837 382 1894 ait
398 1839 519 1896 Turnus
531 1837 569 1894 de
580 1837 718 1895 Drance:
740 1837 871 1896 timorem
885 1825 986 1914 sauri,
1006 1839 1049 1896 ita
1068 1835 1201 1917 explicat
1219 1836 1290 1892 Ser·
1340 1885 1341 1890 ,

234 1924 322 1997 vius,
341 1922 503 1982 naturalem
528 1923 666 1982 invidiose
686 1926 718 1982 in
738 1945 834 1983 meam
855 1945 974 1984 causam
993 1915 1145 2003 retorquet,
1164 1935 1199 1981 ut
1215 1941 1291 1978 meoe
1340 1991 1341 1998 ἵ

233 2015 390 2091 proesentioe
397 2058 406 2086 ,
420 2011 574 2072 noraitttas
588 2025 713 2088 naturae,
726 2013 806 2094 qnod
816 2017 909 2087 timet,
922 2013 981 2073 esse
993 2012 1133 2072 videatur.
1146 2011 1215 2089 Ego
1228 2010 1289 2068 ali-

234 2114 290 2172 ter,
309 2123 402 2181 quam
422 2102 549 2181 vulgus,
569 2096 750 2162 versus-hos
771 2104 907 2184 accipio,
928 2119 959 2163 et
977 2115 1054 2184 puto
1077 2101 1147 2175 illa,
1166 2100 1291 2181 artificis

229 2187 337 2263 scelus,
356 2190 547 2249 includenda
561 2211 626 2249 esse
641 2189 838 2270 parenthesi,
856 2204 893 2250 ut
911 2193 1062 2251 sententia
1081 2190 1135 2248 sit:
1156 2201 1186 2246 et
1200 2185 1290 2246 nunc
1340 2231 1341 2236 κ

235 2279 343 2353 etiam,
357 2299 453 2360 quum
470 2300 527 2358 ego
542 2279 669 2360 loquor,
685 2301 716 2338 se
728 2279 821 2359 fingit
833 2279 1000 2361 pavidum,
1016 2291 1046 2338 et
1061 2275 1120 2335 hac
1137 2274 1288 2334 simulata
1340 2295 1341 2346 j

210 2409 213 2422 ,
233 2363 420 2442 formidine,
436 2389 455 2426 o
468 2368 648 2427 sceleratum
664 2369 831 2428 artificem!
846 2372 971 2428 acerbat
983 2388 1087 2426 meum
1100 2366 1236 2437 crimen,
1253 2361 1287 2421 id
1340 2395 1341 2398 ¹

233 2467 293 2528 est,
307 2477 357 2516 me
370 2455 497 2517 adducit
509 2459 542 2516 in
556 2459 784 2520 acerbissimum
800 2461 916 2519 crimen
929 2459 1005 2518 odii.

273 2543 342 2616 408.
353 2545 471 2602 Adimit
481 2546 525 2604 illi
536 2545 619 2604 hunc
631 2559 765 2605 metum:
779 2563 899 2606 nonest
912 2567 987 2605 meae
996 2545 1101 2626 gloriae
1111 2555 1175 2600 tam
1190 2539 1285 2598 rilem

234 2631 373 2690 animam
390 2632 534 2711 perdere,
554 2632 648 2713 digna
665 2648 710 2692 est
725 2634 780 2693 illa
793 2635 849 2693 tali
869 2647 1009 2716 pectore,
1028 2631 1083 2690 tali
1100 2628 1286 2700 domicilio;

234 2731 338 2778 tecum
352 2718 489 2797 habitet,
506 2723 545 2780 sit
562 2743 625 2782 una
636 2736 754 2784 tecum:
771 2725 976 2805 quamobrem
993 2721 1096 2782 absiste
1113 2721 1241 2792 moveri,
1254 2729 1285 2776 et
1340 2739 1341 2800 j

179 2868 181 2877 ,
234 2821 356 2887 quietus
369 2825 443 2870 esto.

272 2895 341 2970 ltro.
365 2900 495 2960 Latinus
517 2899 653 2976 dixerat,
675 2900 814 2962 consulite
834 2905 866 2962 in
884 2900 1030 2972 medium;
1049 2903 1121 2980 ergo
1139 2898 1285 2970 Turnus,

231 3003 354 3049 revertor
373 2989 413 3048 ad
431 3003 480 3050 tun
501 2991 639 3052 consilia:
662 3005 692 3050 et
712 2992 783 3052 vide
805 3005 901 3051 artem
922 2991 1068 3062 oratoris,
1089 2987 1128 3045 ab
1151 2984 1286 3044 turbido
1340 3031 1341 3036 1

231 3095 321 3133 cursu
334 3079 485 3137 orationis
497 3083 529 3138 in
542 3080 695 3138 Drancem
711 3081 862 3142 convertit
876 3101 905 3139 se
918 3079 956 3137 ad
971 3079 1112 3158 quietum
1125 3087 1155 3132 et
1167 3074 1285 3132 lenem.

229 3161 393 3242 Vituperat
404 3186 477 3224 vero
490 3167 619 3226 consilia
629 3169 732 3226 Latini
744 3169 785 3227 de
794 3171 884 3250 pace,
897 3167 948 3226 sed
962 3165 1094 3237 occulte,
1108 3183 1174 3220 non
1189 3181 1285 3220 ausus
1340 3207 1341 3240 3

229 3249 350 3328 palam:
373 3253 474 3331 posita
494 3275 566 3313 vero
587 3254 706 3314 occulta
725 3257 787 3315 ista
804 3255 992 3336 vituperatio
1015 3253 1047 3308 in
1066 3247 1284 3328 proponendis
1340 3263 1341 3328 J

230 3335 343 3411 rebus,
365 3360 435 3418 quae
458 3340 622 3401 indecoras.
644 3335 698 3401 Est
716 3345 800 3402 enim
822 3343 988 3422 indignum
1011 3339 1053 3396 ita
1074 3331 1195 3411 abjecto
1219 3355 1285 3394 esse
1340 3345 1341 3390 t

231 3424 353 3497 animo,
367 3437 403 3482 ut
416 3426 502 3486 nulla
516 3450 582 3509 spes
596 3432 628 3488 in
643 3433 736 3490 armis
749 3442 899 3512 ponatur,
913 3440 946 3486 ut
960 3436 1070 3506 putent
1083 3441 1115 3480 se
1128 3418 1282 3498 desertos,
1340 3467 1341 3494 ᾗ

231 3511 304 3589 quia
314 3524 425 3591 negata
436 3515 549 3574 auxilia
563 3517 601 3577 ab
612 3519 782 3593 Diomede3
797 3531 831 3577 ut
846 3517 951 3575 dicant
964 3511 1106 3570 funditus
1121 3511 1282 3588 seperire,
1340 3551 1341 3566 2

230 3599 303 3678 quia
318 3601 412 3658 semel
430 3619 552 3662 versum
568 3628 695 3688 agmen:
717 3607 860 3680 demum,
876 3604 951 3685 quia
968 3600 1217 3660 amentissimum
1237 3610 1280 3656 est

229 3685 415 3760 existimare,
430 3687 589 3752 fortunam
602 3716 669 3754 non
682 3695 795 3756 habere
807 3709 992 3773 regressum,
1009 3707 1106 3769 quum
1119 3687 1205 3740 varia
1222 3684 1273 3760 sit,
1340 3683 1341 3696 ²

227 3873 231 3880 f
264 3833 324 3900 410.
335 3833 455 3886 Consulta
463 3854 579 3890 revertor.
592 3847 730 3895 Conmltor
771 3843 916 3894 cannabum
930 3853 1007 3900 vero,
1029 3852 1070 3886 res
1088 3835 1147 3904 ipsa
1164 3833 1198 3886 de
1219 3854 1273 3906 qua

229 3925 268 3965 est
276 3914 322 3984 qui
330 3913 459 3965 consulit:
470 3920 600 3973 consultus
608 3925 653 3992 qui
662 3943 726 3976 con·
772 3923 829 3994 quis
842 3917 1005 3970 consulitur:
1018 3915 1162 3985 bencergo
1172 3914 1273 3967 consul·
1340 3969 1341 3976 ἶ

168 4045 173 4052 1
229 3993 336 4062 sulitur,
353 4014 369 4046 a
386 4014 439 4066 quo
455 4002 555 4068 petitur
569 4005 725 4057 consilium:
772 4015 811 4070 ta,
823 3992 963 4070 dequibus
974 3995 1098 4050 consulis.
1110 3995 1181 4047 Serv.
