2726 4592
207 272 270 355 3⁴8
455 285 997 367 eminentissimorum

309 403 384 468 Haec,
398 422 479 476 quum
492 421 595 460 maturo
607 425 772 481 premeretur
783 415 901 486 pondere
914 424 1028 491 ventris,

311 483 346 533 Ut
358 484 425 536 solet
437 488 463 536 in
477 491 574 540 somnis
588 493 690 543 animus
702 507 813 547 ventura
826 501 981 571 repingens,

308 563 422 630 Anxius,
436 581 462 618 et
473 570 545 640 vigili
557 589 715 642 presumere
727 575 824 644 gaudia
837 597 915 646 cura,

308 642 416 695 Phoebei
430 649 544 699 nemoris
558 669 660 702 ramum
672 653 773 706 fudisse
785 660 897 725 putavit.

309 721 333 771 Ο
346 739 427 794 sopor
440 726 567 778 iudicium
579 732 648 780 veri!
663 730 699 781 uil
712 735 809 784 certius
822 753 941 810 unquam

309 799 412 854 Cornea
423 819 502 874 porta
514 809 589 859 tulit:
601 811 674 860 facta
686 823 725 861 est
737 814 879 884 interprete
892 817 969 866 lauro

309 880 388 932 Certa
399 902 509 952 parens,
523 891 664 958 onerisque
676 891 717 942 sui
729 905 891 961 cognoverat
903 907 998 948 artem..

307 961 421 1015 Consule
434 969 559 1037 Pompeio
572 969 696 1020 vitalibus
709 970 795 1022 editus
809 974 895 1038 auris,

307 1040 340 1090 Et
352 1041 461 1110 Crasso,
475 1049 559 1118 tetigit
572 1061 685 1099 terram:
700 1067 753 1118 quo
766 1063 887 1120 tempore
900 1052 995 1106 Chelas

306 1118 365 1170 Jam
377 1125 446 1175 mitis
459 1124 577 1177 Phaeton
590 1140 650 1197 post
662 1129 770 1198 virginis
784 1147 831 1179 ora
843 1144 973 1200 receptus.

305 1202 436 1256 Infantem
450 1211 552 1280 vagisse
565 1222 679 1280 negant:
695 1229 755 1260 narn
768 1213 857 1262 fronte
869 1231 964 1266 serena

306 1279 602 1354 Conspexit'mundum,
615 1289 657 1338 rui
669 1289 810 1341 commoda
823 1303 899 1362 tantax
906 1291 1018 1345 ferebat.

304 1359 363 1428 lpse
377 1367 525 1435 puerperiis
538 1365 629 1416 adrisit
641 1366 726 1416 laetior
738 1369 823 1431 orhis;

306 1438 389 1493 Terra
401 1447 560 1497 ministravit
572 1445 663 1512 flores,
676 1460 701 1498 et
714 1467 822 1500 munere
835 1469 917 1500 verno

306 1519 425 1574 Herbida
437 1529 578 1596 supposuit
590 1545 673 1596 puero
686 1527 816 1580 fulmenta
827 1531 969 1581 virescens.

240 1611 246 1622 ¹
304 1598 447 1669 Praeterea,
460 1609 482 1656 si
495 1625 557 1658 vera
569 1607 647 1672 fides,
661 1607 708 1658 sed
720 1629 783 1660 vera
795 1610 937 1680 probatur,

305 1680 376 1734 Laeta
388 1687 484 1741 cohors
498 1691 588 1758 apium
601 1690 689 1740 subito
702 1710 750 1761 per
763 1711 838 1758 rura,
848 1694 962 1762 jacentis

304 1761 390 1815 Labra
403 1769 470 1819 favis
483 1772 560 1834 texit,
573 1769 664 1821 dulces
677 1772 769 1823 fusura
781 1771 911 1843 loquelas.
1184 1775 1209 1816 9

304 1841 366 1892 Haec
380 1846 516 1912 quondam
528 1849 555 1898 in
569 1866 645 1898 sacro
658 1861 761 1899 tantum
774 1851 869 1902 mirata
883 1851 991 1904 Platone

301 1918 431 1972 Indicium
444 1924 540 1996 linguae
553 1939 682 1977 memorat
694 1929 799 1980 famosa
811 1925 928 1981 vetustas
940 1952 945 1980 ι

302 1995 354 2047 Sed
366 2013 460 2052 natura
473 2022 570 2072 parens
582 2024 731 2076 properans
745 2007 871 2059 extollere
883 2009 1009 2076 Romam,

300 2075 334 2126 Et
346 2079 422 2131 Latio
436 2082 510 2134 dedit
522 2083 589 2152 hoc,
602 2105 635 2137 ne
648 2085 712 2156 quid
726 2087 885 2140 concederet
898 2090 952 2139 uni.

301 2157 414 2230 Insuper
426 2162 483 2226 his3
496 2169 601 2238 genitor
613 2169 670 2218 nati
682 2167 746 2219 dum
758 2172 815 2220 fata
827 2170 939 2240 requirit

301 2239 445 2310 Populeam
461 2245 544 2296 sterili
556 2248 657 2318 virgam
670 2247 805 2298 mandavit
819 2267 919 2310 arenae3
1240 2271 1242 2274 ·

303 2317 434 2391 Tempore
448 2344 506 2396 quae
518 2328 619 2378 nutrita
631 2327 719 2392 brevi,
732 2327 795 2380 dum
808 2330 917 2393 crescit,
931 2329 958 2379 in
971 2337 1058 2381 omne'

301 2397 388 2452 Altior
400 2407 508 2456 emicuit
521 2409 636 2473 cunctis,
651 2425 716 2478 quas
730 2421 840 2460 auxerat
851 2420 922 2460 aetas.

196 2521 275 2581 Vide
287 2539 364 2604 quot
376 2529 527 2588 miracula
543 2531 575 2589 in
591 2529 656 2612 ejus
670 2544 755 2607 ortn3
769 2531 954 2592 admonetur
966 2532 1000 2589 in
1014 2533 1136 2591 somnis
1148 2544 1244 2592 mater

193 2606 290 2669 futuri
313 2628 425 2693 poetae3
447 2639 521 2677 nam
541 2619 626 2679 videt
647 2643 677 2680 se
696 2643 803 2702 parere
826 2643 947 2681 ramum
967 2619 1064 2696 lauri,
1086 2625 1138 2702 qui
1161 2643 1243 2682 sacer

197 2694 332 2758 Phoebo:
347 2718 437 2764 natus
453 2727 531 2788 puer
548 2730 611 2767 non
628 2709 748 2790 plorat,
764 2711 847 2793 quod
864 2711 912 2770 vel
927 2712 1000 2790 ipsis
1015 2711 1138 2790 regibus
1154 2711 1242 2774 farni-

195 2783 286 2844 liare:
300 2810 372 2870 apes
386 2797 556 2856 convolant
568 2799 606 2857 ad
619 2799 704 2859 illius
720 2821 769 2876 os,
787 2800 870 2882 quod
885 2803 1121 2882 prognosticum
1136 2803 1243 2862 Pinda-

194 2893 229 2932 ro
246 2879 368 2957 accidit,
383 2883 520 2963 Platoni,
532 2889 695 2949 Ambrosio
708 2913 714 2948 :
728 2890 836 2950 eodem
850 2889 917 2965 die,
931 2911 993 2971 quo
1007 2912 1084 2971 puer
1097 2894 1242 2966 nascitur,

194 2968 343 3046 pangitur
357 2974 509 3054 populus,
526 2997 594 3056 quae
612 2982 672 3037 cito
689 2981 833 3038 excrescit
848 2981 881 3037 in
896 2980 1008 3036 miram
1024 2979 1243 3054 altitudinem3

197 3072 265 3130 quae
277 3059 370 3118 arbor
382 3083 607 3145 puerperarum
619 3069 700 3125 votis
713 3067 840 3142 colitur,
853 3080 883 3126 et
895 3068 987 3126 donis
1000 3082 1138 3129 ornatur.
1152 3073 1244 3151 Prog-

130 3233 132 3244 Ι
196 3224 300 3313 iungit
311 3240 469 3318 'quaepiam
485 3239 523 3299 de
538 3241 635 3300 natali
646 3242 779 3326 Virgilii.
792 3247 904 3304 Versus
918 3243 1002 3302 illius
1015 3258 1113 3318 sunt3,

300 3361 415 3414 Mincius
427 3364 499 3417 hunc
512 3368 603 3438 genuit
616 3381 776 3440 conceptum
788 3389 820 3422 ex
831 3369 936 3421 Andide
948 3367 1074 3441 Nympha
1080 3409 1089 3436 ‚

303 3440 389 3505 Quam
403 3441 501 3494 Phoebe
514 3448 629 3513 sociam,
643 3460 723 3518 atque
737 3450 829 3518 anguis
843 3447 875 3498 de
888 3447 998 3498 vulnere
1010 3447 1114 3498 tardam

301 3519 476 3572 Commendat
487 3524 608 3576 Mantoi:
623 3528 715 3578 furtim
728 3527 775 3578 sed
788 3526 899 3579 carolus
912 3527 996 3576 amnis

301 3600 483 3668 Languentem
496 3617 521 3654 et
534 3605 591 3657 sola
604 3609 700 3659 tacitus
713 3607 763 3659 sub
777 3627 842 3679 rupe
852 3609 986 3676 jacentem

302 3675 441 3745 Implevit:
456 3694 597 3752 postquam
611 3703 642 3735 ex
654 3699 730 3738 utero
740 3689 795 3754 jam
808 3684 908 3756 prodiit
921 3687 1023 3749 infans,

305 3753 365 3818 Qu⁰
378 3769 469 3824 Paltus
481 3761 576 3827 lateat,
591 3762 674 3816 denso
687 3777 764 3835 pater
775 3767 832 3835 ipse
845 3762 939 3813 salicto

304 3833 463 3903 Osculum,
476 3853 505 3890 ut
517 3844 585 3894 forte
598 3842 664 3894 locis
676 3844 817 3897 habitabat
829 3845 856 3892 in
868 3841 921 3894 illis

305 3913 420 3984 Pignora
432 3919 550 3998 souicitae
564 3925 733 3977 commendat
745 3944 806 3977 cara
818 3922 939 3974 Meliss-e.

307 3995 367 4046 Haec
381 4010 472 4050 natum
485 4005 586 4072 gremio
599 4007 747 4075 excipiens,
759 4005 883 4059 flaventia
895 4004 975 4056 mella

197 3145 354 3205 hosticum
376 3170 469 3230 apum
486 3151 637 3210 Iovianus
659 3155 754 3212 etiarn
775 3155 949 3215 scribitlib.
969 3157 1132 3217 2.Uraniae
1151 3171 1182 3217 et
1195 3157 1244 3218 ad·
