2720 4588
336 314 400 380 DE
424 315 540 378 vt'sn
564 315 805 382 VlRGlLll.
1029 319 1094 390 253
1153 393 1161 402 ⁸

54 452 130 540 plari
144 475 206 518 sun
221 447 396 530 intererat,
418 451 463 516 ita
480 473 551 518 esse
568 451 812 539 interpolamus,
833 469 871 522 ut
885 475 974 523 nanc
985 457 1021 522 ia
1036 458 1092 524 tali

55 570 213 658 fartagum
223 570 422 660 pleramque
436 568 503 668 dici
515 569 569 636 via
579 569 697 656 possit,
711 569 793 658 quid
807 573 928 642 Danau
939 572 1006 642 fide
1018 597 1093 662 pse*

56 685 157 752 ditum
172 688 229 765 sit,
248 709 310 756 aec
326 709 378 754 ne.
397 687 480 768 Quae
496 707 548 754 res
561 685 614 752 val
630 708 669 752 ax
681 707 721 754 ao
737 686 909 757 manuae
925 689 980 768 sit,
1001 691 1093 779 quod

55 799 162 866 nullus
181 799 279 866 facile
297 815 350 868 est
366 797 488 877 codex,
508 799 543 866 ia
563 820 630 888 qao
648 815 717 866 uon
735 798 800 868 vita
819 798 890 868 hac
906 801 1008 870 modo
1027 803 1095 891 ple

10 969 11 1016 ἦ
54 915 134 994 nius,
145 914 249 982 modo
259 915 458 984 contractius
468 913 649 1002 perscripta
658 913 912 1002 legaturAEahis
922 917 983 982 viri
994 917 1093 998 docti„

56 1030 109 1116 qui
122 1029 223 1116 primi
236 1029 412 1117 Virgilium
427 1027 576 1107 edidere,
595 1028 696 1098 talem
714 1027 809 1098 uobis
824 1032 991 1100 Donatum
1003 1031 1095 1102 lum!
1119 1031 1120 1038 ἵ

10 1195 11 1202 .
56 1143 212 1210 videntur
224 1146 453 1225 concinnasse,
475 1145 605 1234 qualem
621 1165 710 1210 nunc
727 1144 898 1212 habemus.
915 1151 942 1212 A
957 1149 1093 1212 Daniele
1129 1193 1132 1212 .

10 1329 12 1430 l

10 1803 12 1878 l

10 1879 12 1978 l

10 1307 11 1320 .
56 1259 155 1323 multo
169 1259 374 1324 emendatior
385 1260 440 1323 ille
453 1259 516 1323 fuit
527 1281 680 1338 excusus,
694 1259 797 1322 multa
809 1259 907 1323 etiam
922 1259 1095 1325 emendata

56 1373 83 1435 J.
92 1376 142 1437 Fr.
152 1375 312 1438 Gronovii
324 1373 490 1451 acumine,
501 1373 558 1462 qui
570 1388 603 1436 et
612 1372 700 1459 plue,
712 1395 811 1460 quam
821 1395 881 1461 par
891 1389 973 1451 erat,
986 1397 1094 1460 operae

58 1486 88 1548 in
108 1509 147 1552 eo
164 1487 291 1577 posuit,
312 1504 349 1552 ut
366 1511 405 1551 ex
423 1485 556 1550 dicendi
575 1509 695 1574 genere
713 1502 746 1550 et
762 1486 1001 1552 consuetudine
1019 1489 1094 1552 Ger.

58 1600 161 1664 Vossii
176 1600 220 1664 ad
234 1601 399 1665 Velleium
416 1601 612 1666 sententiam
629 1599 788 1680 firmaret,
809 1623 828 1664 a
842 1601 998 1666 Suetonio
1014 1601 1094 1666 fun-

58 1710 244 1778 damentum
260 1714 360 1804 hujus
377 1715 572 1782 narrationis
589 1736 660 1778 esse
672 1715 814 1804 jactum,
836 1715 890 1778 cui
902 1713 1023 1778 deinde
1040 1715 1094 1777 alii

58 1825 264 1892 Grammatici
278 1851 337 1892 sua
348 1845 534 1894 commenta
546 1844 828 1917 superstruerent:
848 1830 971 1895 scilicet
985 1827 1094 1894 Sueto·

58 1942 121 2002 nius
133 1942 232 2006 etiam
248 1942 282 2004 V
279 1943 376 2031 irqiliz·
385 1944 488 2008 nostri
501 1943 534 2004 V
531 1946 606 2006 itam
618 1945 784 2031 scripsisse
797 1943 1008 2009 existimatur.
1021 1945 1096 2008 Fuit

59 2055 151 2120 ctiam
162 2058 237 2123 talis
252 2059 326 2122 Vita
337 2049 472 2123 nomine
486 2056 591 2123 Servii
599 2059 781 2139 venditata,
794 2058 836 2123 ad
849 2084 948 2150 quam
960 2062 994 2123 in
1006 2062 1095 2126 Serv.

59 2171 240 2238 Commeat.
257 2198 307 2262 pr.
322 2175 364 2239 ad
379 2175 516 2262 Eclogas
534 2171 562 2264 §.
581 2179 621 2255 24
637 2191 849 2262 provocatur,
872 2199 970 2264 quam
986 2192 1096 2239 tamen

10 2285 11 2348 3
58 2307 120 2348 non
133 2287 285 2352 eamdem
301 2312 372 2354 esse
388 2308 470 2376 puto
487 2311 564 2354 cum
580 2289 648 2372 illa,
670 2311 744 2377 quae
760 2288 795 2350 in
811 2289 956 2352 Danielis
973 2287 1097 2353 Editio·

58 2421 110 2479 ne,
123 2419 159 2502 ‘et
169 2401 248 2467 hinc
258 2404 292 2466 in
302 2404 386 2481 aliis,
398 2397 527 2467 AEneidi
540 2404 609 2466 fere
621 2401 764 2491 praefixa,
775 2399 837 2466 sub
847 2401 950 2465 Servii
962 2401 1095 2464 nomine

10 2601 11 2612 .
58 2517 304 2584 circumfertur:
318 2519 477 2586 habemus
490 2522 599 2584 Vitam
608 2520 715 2598 aliam,
729 2539 803 2606 quae
813 2516 916 2582 Probo
925 2516 1095 2588 tribuitur:

10 2653 11 2668 ¹
59 2631 113 2696 sed
123 2633 215 2698 nulla
226 2650 284 2713 est,
298 2635 332 2697 in
342 2657 407 2723 qua
417 2656 485 2697 non
497 2633 786 2721 interpolatricem,
798 2645 855 2692 aut
865 2629 1097 2695 mutilatricem

10 2733 11 2736 Ἴ
59 2770 190 2824 manum
212 2749 300 2814 foede
321 2739 522 2838 grassantem
542 2771 710 2835 agnoscas.
733 2747 814 2827 Quae
837 2745 891 2809 alii
915 2745 957 2810 de
977 2745 1100 2810 Donati

59 2882 155 2947 opere
168 2859 358 2941 indicarint,
372 2861 448 2925 vide
462 2863 498 2924 in
511 2861 566 2939 iis,
582 2860 639 2948 qui
651 2883 670 2922 a
681 2861 869 2922 Burmanno
881 2857 923 2921 ad
937 2859 1098 2925 Anthela,-

60 2972 141 3058 giam
151 2973 207 3036 lat.
220 2975 260 3036 T.
271 2975 297 3055 l,
307 2998 340 3062 p.
353 2975 416 3063 369
426 2973 618 3038 laudantur:
632 2969 713 3034 mihi
725 2969 864 3059 quidem
876 2986 999 3035 sortem
1011 2995 1098 3058 mag·

59 3107 175 3149 norum
191 3087 338 3150 virorum
354 3104 388 3151 et
406 3087 573 3151 fortunam
589 3107 676 3172 saepe
692 3083 803 3147 mirari
820 3081 934 3162 subiit,
956 3105 1098 3171 quorum

59 3222 179 3264 nomen
198 3200 240 3264 ad
258 3201 396 3266 multam
413 3201 639 3290 posteritatem
655 3214 872 3288 propagatum
886 3196 1021 3286 quidem
1034 3215 1097 3278 est,

60 3311 100 3376 ita
109 3330 148 3377 ut
158 3313 277 3402 dignus
285 3331 376 3380 tanto
389 3316 532 3404 ingenio,
545 3330 602 3378 aut
609 3330 698 3378 tanta
705 3314 837 3391 virtute,
846 3313 1098 3380 immortalitatis

61 3429 184 3496 fructus
204 3433 242 3496 iis
259 3433 407 3513 tandem,
428 3435 486 3522 qui
500 3433 608 3497 meriti
625 3448 747 3510 esseut,
767 3430 957 3518 contingere
969 3431 1098 3498 videre-

61 3561 125 3625 tur,
139 3547 179 3610 iis
190 3562 302 3611 tamen
308 3547 524 3636 temporibus,
534 3570 638 3638 quum
646 3567 749 3634 genus
756 3543 939 3608 humanum
948 3547 1100 3634 gravibus

61 3660 346 3747 superstitionibus
355 3680 487 3752 captum
498 3680 576 3742 erat,
587 3678 809 3749 tantumsaepe
820 3661 967 3726 sordium
977 3687 1100 3728 nomen

63 3775 140 3842 illud
156 3801 196 3842 ex
207 3780 404 3867 contagione
416 3780 527 3846 saeculi
539 3779 714 3856 contraxit,
733 3794 770 3842 ut
780 3777 849 3867 jam
864 3777 917 3841 illa
929 3779 1100 3846 celebritas

62 3889 100 3953 ad
118 3892 230 3981 inepta
248 3917 360 3958 rerum
376 3893 548 3973 miracula,
565 3895 726 3972 monstra,
743 3914 781 3956 ac
797 3906 950 3979 portenta
966 3891 1100 3960 rediret.

63 4005 98 4067 ln
106 4007 232 4094 Virgilii
243 4009 437 4074 memoriam
448 4008 565 4075 Fabulis
578 4006 727 4074 absurdis
738 4004 1024 4073 contaminandam
1035 4033 1103 4075 om-
