2720 4588
191 367 195 376 .
255 357 317 400 ,ω
580 322 965 388 conunurnuru

253 458 360 518 urbem.
374 450 486 533 Adjicit
497 447 694 532 parenthesin
710 447 747 508 de
762 448 882 509 Albano
896 460 1019 524 monte,
1031 461 1098 510 turn
1110 448 1192 510 nihil
1205 463 1304 527 noto,

254 549 327 632 quia
338 543 416 606 Alba
426 555 491 601 tum
504 561 569 600 non
582 537 718 600 condita.
730 540 776 600 De
787 541 804 597 J
808 541 923 598 unonis
935 551 963 600 et
974 541 1112 600 Deorum
1122 543 1305 602 interventu

254 640 287 698 in
302 645 438 694 extrema
450 627 596 690 AEneidos
608 639 710 710 parte,
722 626 793 686 vide
805 627 976 688 Excursum
989 627 1032 702 11,
1047 629 1108 688 voi.
1121 631 1171 704 lv,
1187 652 1218 710 p.
1232 632 1306 710 387.

296 724 361 784 138.
375 718 549 781 Consilium
561 717 695 776 Junonis
707 715 767 775 fuit
779 714 881 776 foedus
894 716 1083 792 disturbare,
1095 739 1134 778 ne
1144 717 1229 779 fieret
1239 720 1306 778 sin·

255 811 369 895 gularis
381 807 435 866 ilie
448 826 645 888 congressus:
666 802 705 862 ad
720 825 783 864 rem
797 803 878 866 hanc
896 804 963 864 vult
976 808 1019 865 uti
1036 827 1131 887 opera
1144 809 1306 881 Juturnae‚

252 922 324 984 quta
336 897 434 958 Turni
448 915 536 956 soror
548 915 713 976 germana:
729 891 811 955 hanc
826 915 898 972 ergo
912 893 1037 955 affatur.
1050 896 1105 956 Sed
1118 897 1218 976 prius,
1232 914 1305 975 quae

172 977 176 986 ¹
254 991 318 1052 haec
331 985 415 1048 Dea?
433 985 598 1058 nimirum,
616 1003 681 1064 quer
695 981 826 1062 praesidet
837 983 961 1061 stagnis,
980 994 1010 1040 et
1013 982 1204 1063 fluminibus,
1227 1003 1305 1042 narn

253 1078 386 1160 Juppt'ter
401 1070 445 1132 itti
462 1070 599 1132 honorem
614 1069 692 1130 itanc
706 1071 844 1142 sacravit,
865 1068 897 1126 id
912 1080 969 1144 est,
992 1068 1080 1130 iilam
1094 1091 1212 1130 sacram
1228 1070 1306 1130 fecit

254 1168 313 1228 hoc
327 1163 461 1235 honore,
476 1173 604 1242 propter
615 1172 742 1239 ereptam
752 1159 956 1238 virginitatem.

297 1254 361 1330 142.
380 1251 490 1312 Oratio
505 1249 641 1308 Junonis
658 1246 698 1306 ad
715 1249 882 1306 Juturnam
898 1259 963 1307 tota
979 1245 1051 1306 fuco
1066 1246 1174 1328 plena,
1197 1261 1228 1307 et
1243 1249 1307 1329 spi-

254 1365 326 1406 rans
343 1340 523 1400 mendacia:
544 1359 610 1398 non
628 1339 712 1396 enirn
731 1336 784 1396 iila
803 1337 846 1396 ita
862 1335 941 1396 solet
957 1357 1029 1396 cum
1045 1335 1226 1417 pellicibus3
1249 1337 1307 1397 sed

255 1453 338 1493 nunc
359 1427 539 1490 necessitate
557 1438 664 1506 coacta
684 1424 723 1483 ad
742 1424 916 1484 lubidinem
935 1445 1108 1484 sermonem
1126 1422 1306 1505 confingit:

255 1525 361 1604 itaque
372 1517 458 1591 vide,
474 1528 511 1586 ut
521 1527 638 1596 captet:
656 1517 752 1574 Decus
754 1514 933 1597 fluviorum,
950 1516 1109 1597 gratissima
1122 1526 1219 1572 nostro
1234 1517 1307 1575 ani-

256 1631 322 1670 mo:
343 1607 389 1668 nil
406 1607 522 1678 minus3
543 1624 617 1664 nam
638 1601 767 1684 quando
783 1616 878 1684 gratae
892 1602 1036 1685 pellices?
1053 1605 1129 1676 Scis,
1150 1622 1190 1662 ne
1203 1606 1309 1683 possit

255 1714 382 1778 negare,
397 1707 430 1754 ut
441 1707 465 1753 te
476 1713 568 1753 unam
579 1688 754 1772 proetuierim
764 1695 891 1767 crunctis,
905 1711 1082 1774 quecunque
1091 1689 1243 1750 ascendere
1252 1711 1307 1751 cu·

257 1784 326 1857 bite,
339 1783 371 1842 id
383 1795 440 1856 est,
455 1782 584 1854 lectum,
596 1782 691 1852 Joois,
703 1793 733 1840 et
743 1783 901 1862 inpactum.
912 1780 1007 1842 Ludit
1016 1781 1049 1840 in
1059 1777 1203 1852 vocibus3
1214 1781 1306 1859 quasi

257 1875 353 1933 dicat:
364 1884 408 1930 est
418 1891 584 1951 magnum,
594 1882 624 1927 te
633 1867 713 1927 mihi
724 1889 786 1928 esse
796 1872 1004 1950 gratissimam
1013 1871 1047 1930 in
1056 1889 1089 1928 re
1099 1870 1234 1948 integra:
1247 1889 1307 1928 nec

257 1960 358 2024 solum
366 1957 557 2040 proetulerim5
571 1957 621 2018 sed
637 1955 757 2018 locarim
767 1960 799 2018 in
806 1957 979 2041 portecoeii:
994 1959 1089 2040 idque
1100 1955 1203 2030 iibens;
1216 1957 1307 2038 qnod

257 2051 326 2132 quis
338 2046 458 2108 credat?
476 2046 552 2146 quid
568 2045 696 2106 tandem
707 2047 791 2106 Juno
804 2061 875 2130 post
887 2062 934 2108 tot
949 2044 1184 2107 blandimenta?
1201 2047 1307 2118 Disce,

257 2149 398 2198 nontam
412 2153 532 2208 meum,
553 2155 647 2215 quam
664 2148 745 2196 tuum
758 2132 906 2196 dolorem:
922 2141 1026 2217 itaque
1039 2136 1200 2216 negotium
1212 2145 1308 2191 tuum

258 2247 316 2308 ago
329 2248 335 2283 :
350 2236 380 2283 et
391 2223 541 2306 repellens
554 2244 571 2282 a
584 2244 614 2284 se
626 2225 757 2301 crimen,
770 2246 807 2285 ne
819 2246 864 2286 mc
876 2227 996 2286 incuses.

300 2310 366 2395 147.
376 2313 502 2372 Poterat
511 2310 732 2393 objiciJunoni
740 2314 925 2395 impotentia
935 2337 942 2374 :
953 2328 988 2374 tu
997 2313 1034 2374 ad
1042 2310 1221 2395 Nymphaia
1229 2331 1308 2370 con-

257 2403 356 2483 fugis,
369 2421 457 2461 soror
469 2414 499 2462 et
512 2400 625 2482 conjux
637 2404 654 2462 J
657 2402 744 2463 ovis?
755 2405 845 2464 Hanc
858 2425 876 2462 a
888 2423 921 2462 se
933 2401 1095 2477 amandat,
1114 2413 1143 2460 et
1154 2420 1184 2460 se
1197 2411 1308 2458 tuetur

259 2525 333 2596 origo
348 2525 480 2584 Romarm
498 2537 609 2596 propter
624 2525 698 2595 quod
709 2525 759 2577 Al·
805 2527 838 2579 de
857 2527 958 2577 factum
977 2537 1017 2578 est
1032 2526 1114 2587 Deus,
1135 2521 1198 2592 quia
1217 2524 1307 2572 omnis

258 2605 368 2675 bonique
377 2614 475 2674 patrem
487 2616 514 2656 et
522 2605 760 2676 JuppiterLutiaris
804 2605 897 2676 religio
906 2607 940 2656 sit
949 2606 1045 2656 timori.
1057 2605 1142 2654 Varro
1153 2600 1188 2652 ad
1197 2599 1309 2652 Cicero-

259 2682 457 2750 antiquissimus
467 2695 514 2732 est.
525 2684 595 2754 Ergo
607 2683 759 2734 montishu·
803 2702 863 2734 nem
874 2685 967 2749 tertio,
981 2687 1042 2734 «Ita
1051 2680 1247 2752 respondeant,
1258 2701 1309 2732 cur

256 2763 331 2830 jusce
349 2759 448 2830 gloria,
468 2760 542 2830 quod
560 2762 649 2832 patria
664 2761 759 2832 populi
804 2761 895 2816 dicant
904 2764 989 2826 Deos,
1003 2780 1085 2831 quum
1098 2778 1190 2812 omnes
1201 2763 1309 2832 antiqui

258 2840 372 2892 Romani
386 2855 442 2891 esse
457 2837 575 2905 dicatur3
592 2839 678 2892 honos
694 2859 758 2892 vero
803 2841 917 2895 dixerint
929 2843 1041 2894 Divosu
1058 2843 1128 2895 Seru.
1144 2873 1178 2882 -
1192 2843 1308 2914 Stagiris.

259 2923 298 2972 rei
310 2919 418 2984 divina,
430 2937 487 2990 quae
497 2921 694 2974 ibi'aRomanis
703 2919 759 2972 fieri
802 2921 883 2974 Itaiiae
893 2922 1006 2984 scilice13
1020 2939 1083 2974 nam
1093 2923 1194 2988 Varro,
1205 2925 1308 2975 citante

258 3011 450 3051 consueverat:
467 3017 565 3051 nomen
580 3001 639 3069 quis
654 3001 759 3070 ignorat
803 3000 908 3070 Servio,
932 3005 1067 3054 «Juturna
1087 3004 1156 3054 inter
1178 3006 1309 3074 proprios

259 3099 276 3131 a
286 3081 378 3150 Longa
392 3076 462 3128 Alba
474 3080 605 3129 tractum?
615 3079 686 3129 Serv.
802 3080 872 3132 Deos
889 3081 1079 3154 Nymphasque
1094 3084 1245 3152 ponitur»,
1262 3085 1307 3134 in-

296 3159 356 3226 ¹39·
369 3155 437 3205 Diua
449 3154 532 3208 deam.
547 3155 601 3208 Aut
611 3156 757 3228 Hypallage
803 3159 874 3212 dicat
887 3163 970 3214 Deam
984 3160 1055 3214 hanc
1072 3179 1130 3214 esse
1147 3161 1307 3233 indigetem:

257 3247 312 3299 est,
332 3252 382 3306 pro
401 3233 450 3284 dea
471 3233 580 3283 divam:
603 3252 666 3286 nam
684 3235 755 3302 deos,
802 3254 828 3292 et
838 3254 867 3292 ut
877 3241 948 3294 idem
958 3241 1149 3312 Servius‚huic
1159 3240 1216 3293 deae
1227 3243 1310 3295 Luta·

257 3325 369 3366 aeternot
386 3311 512 3371 dicimu⁸;
530 3311 601 3362 divos
614 3330 691 3381 vero,
711 3318 757 3386 qui
801 3323 853 3372 tius
861 3321 971 3374 Catulus
979 3322 1108 3393 templum
1117 3323 1182 3374 fecit
1190 3324 1217 3372 in
1226 3321 1309 3374 Ganr-

257 3411 288 3446 ax
299 3391 453 3443 hominibus
465 3392 539 3442 fiunt.
552 3391 681 3446 Anthene
691 3395 756 3449 dixit
801 3419 837 3472 po
849 3403 956 3454 Martio.
968 3402 1033 3454 Inde
1044 3402 1121 3455 ovid.
1131 3404 1158 3454 in
1165 3404 1238 3454 Fast.
1251 3403 1309 3454 cul·

257 3472 290 3524 de
302 3473 408 3522 Junone
422 3469 523 3534 divam,
543 3473 688 3542 respiciens
701 3489 756 3547 ety-
801 3493 855 3532 tam
868 3481 895 3530 in
905 3499 938 3531 eo
951 3480 1056 3546 scribit,
1070 3482 1129 3532 «Te
1140 3499 1250 3552 quoque
1260 3482 1308 3534 lux

256 3549 416 3620 mologiam:
436 3566 498 3600 nam
516 3549 545 3600 in
563 3549 674 3604 Horatio
692 3553 757 3627 legi·
802 3558 908 3624 eadem,
920 3560 1003 3610 Turni
1014 3577 1104 3625 soror,
1117 3560 1172 3611 rede
1185 3563 1305 3632 recepit,

256 3646 329 3693 mus,
349 3649 360 3671 a
372 3625 426 3681 Sub
443 3625 506 3677 divo
522 3632 633 3682 moreris
649 3634 757 3686 victima
801 3639 864 3702 Hic,
881 3637 928 3689 uhi
947 3640 1065 3710 virginea
1082 3658 1192 3710 campus
1212 3641 1307 3694 obitur

255 3708 294 3760 nil
309 3706 460 3758 miserantis
474 3705 538 3758 Orci
549 3730 578 3760 »:
593 3709 621 3762 id
636 3723 689 3778 est,
706 3713 755 3764 suh
801 3726 879 3785 aqua.
891 3739 902 3761 n
919 3717 1006 3768 Cerdo.
1020 3747 1054 3757 -
1065 3719 1181 3772 dunrrna
1191 3720 1254 3772 fons
1265 3734 1306 3773 est

257 3806 331 3853 aare,
343 3804 421 3856 quern
434 3800 538 3840 constat
549 3807 605 3842 esse
613 3791 754 3844 iunonem.
800 3791 918 3848 in‘uralia
928 3797 1129 3852 saluberrimus.

255 3868 324 3920 Deus
346 3879 449 3934 autem,
472 3868 515 3920 vel
538 3871 607 3936 Dea,
631 3873 755 3942 generale
838 3875 895 3941 143.
917 3878 1091 3952 Quaecumque
1106 3879 1216 3932 Lanam
1236 3881 1305 3948 Qua

255 3963 353 3999 nomen
361 3959 401 3996 est
409 3948 532 4000 omnibus
542 3971 547 4000 :
559 3969 621 4001 nam
630 3950 678 4007 atu
686 3953 756 4004 Grae-
799 3955 853 4004 sint
864 3955 977 4022 Latina,
994 3977 1054 4010 eum
1066 3958 1164 4029 quibus
1175 3960 1305 4030 iuppiter

255 4044 285 4078 ca
296 4026 394 4080 dicitur
406 4026 488 4092 pisus,
498 4019 589 4097 idest,
601 4032 695 4084 timor:
706 4052 754 4086 uu·
800 4035 988 4106 concubuerit,
1000 4041 1132 4092 incertum
1141 4050 1190 4092 est.
1204 4041 1279 4094 Serv.
1347 4049 1348 4107 i
