2742 4596
235 283 299 364 nt
488 364 502 376 .
546 339 550 348 ,
595 277 917 344 ARGUMENTA

640 419 873 466 uuouucnss.

232 535 367 598 Tamus
379 543 416 591 ut
428 525 582 592 infractos
594 524 677 590 vidit
690 526 825 592 cessisse
838 527 989 604 Latinos,
1011 503 1014 514 .

233 643 338 705 Instat
348 654 441 703 atrox
452 658 588 724 pugnae,
601 636 719 704 'neces
732 637 795 702 sibi
807 639 949 727 percipit
959 637 1078 720 hostis,

231 748 369 810 Pectore
382 757 508 809 secreto
520 740 662 806 violatur
673 739 811 807 vulnere
823 742 896 821 teli,

233 854 350 916 AEneas
362 872 475 917 caussa
488 866 554 915 eat:
567 848 614 913 illi
625 851 644 914 J
648 865 767 915 uturna
777 850 912 939 neganti

231 956 347 1023 Adfuit
359 955 534 1046 obsequio,
547 979 652 1046 quum
664 979 752 1022 mors
764 955 917 1022 finiverat
928 956 1020 1021 iram.

231 1061 296 1130 Sed
309 1085 367 1128 sua
379 1064 446 1128 fata
457 1063 565 1128 virum
578 1077 746 1130 traxerunt
757 1082 906 1150 quaerere
918 1075 1070 1130 mortem.

642 1275 644 1280 ·
710 1234 793 1297 Vll.

230 1394 405 1462 Duodecim
418 1394 670 1462 scholasticorum
680 1408 846 1486 poetarum
858 1407 1044 1486 orpumenta
1058 1399 1091 1460 in
1105 1394 1276 1462 AEneidem,

622 1573 726 1622 LIBRI
751 1574 876 1620 Pllllss.

613 1688 842 1750 VOMANUS.
863 1688 886 1747 Ι.

227 1809 338 1878 AEolus
350 1806 496 1871 immittit
507 1821 639 1884 ventos,
651 1807 785 1870 lunone
798 1823 966 1896 precante,

224 1914 453 2004 'l'rojanosque
465 1933 564 2000 vagos
577 1909 714 2001 Libycas
727 1912 861 2002 expellit
873 1913 908 1976 in
920 1935 992 1982 oras
1004 1937 1011 1978 ε

225 2022 355 2090 Solatur
366 2020 533 2082 Venerem
545 2014 640 2082 dictis
652 2034 744 2106 pater
757 2019 828 2106 ipse
841 2018 1021 2088 dolentem.

224 2131 350 2195 AEuean
361 2123 478 2212 recipit
489 2121 627 2211 pulchra
639 2123 835 2216 Carthagine
848 2124 950 2206 Dido;

224 2235 287 2301 Cui
298 2235 411 2298 Venus
423 2231 553 2297 Ascanii
565 2231 627 2328 auh
639 2232 783 2324 imagine
795 2233 896 2300 mittit
906 2255 1066 2300 amorem.
1262 2249 1275 2296 ⁵
1362 2269 1363 2277 κ

657 2379 833 2428 securior.

570 2492 854 2554 EUPHORBUS.
874 2495 916 2553 11.

221 2613 356 2699 Cogitur
368 2613 484 2674 AEneas
497 2608 662 2674 bellorum
674 2633 841 2699 exponere
851 2603 961 2690 casos,

220 2719 461 2808 Graiorumque
474 2717 584 2799 dolos,
598 2735 631 2784 et
644 2741 783 2809 equum,
796 2717 1017 2807 fraudemque
1028 2717 1180 2801 sinemo,

217 2821 434 2916 Excisamque
446 2824 580 2906 urbem,
591 2827 779 2917 Priamique
792 2827 975 2892 miserrima
988 2825 1069 2906 fata3

217 2937 329 3023 thue
341 2948 468 3020 patrem
480 2932 673 3020 impositum
685 2933 762 2998 forti
774 2934 901 2997 cervice
912 2953 975 3019 per
985 2933 1080 3021 ignes

218 3041 394 3119 Extulerit,
408 3061 584 3127 caramque
594 3039 741 3104 amiserit
753 3041 824 3127 ipse
835 3041 1003 3104 Creusam.

646 3185 811 3268 parurn.

582 3297 810 3359 JULIANUS.
833 3299 893 3358 Ill.

96 3477 100 3488 ,
214 3414 292 3476 Post
303 3433 415 3476 casum
427 3411 535 3502 Trojae
547 3412 704 3480 fabricata
716 3415 817 3480 classe
830 3431 996 3507 superstes
1100 3473 1103 3478 .

214 3519 295 3586 Vela
307 3519 364 3585 dat
375 3521 506 3600 AEneas,
519 3523 704 3614 urbemque
716 3525 750 3587 in
762 3524 858 3590 litore
870 3525 1052 3608 Thracum,

250 3680 294 3731 68,
309 3680 460 3750 Puqnoeque
469 3681 715 3752 viceajamOuden·
759 3685 798 3735 illi
809 3685 938 3736 Iuturnas
954 3689 1064 3756 neganti
1077 3687 1177 3742 Adfuit
1187 3693 1264 3744 obse-
1354 3741 1355 3746 ,

216 3760 715 3834 dorpiusemendavit3etmoxpectone
760 3767 831 3834 quio.
853 3765 913 3816 Jam
935 3765 1007 3816 Mara
1031 3767 1158 3821 finiverat
1182 3773 1261 3833 iram;

213 3839 257 3892 sed
264 3850 339 3890 recto.
348 3838 420 3906 Quid
429 3843 466 3892 si:
478 3859 625 3912 «percum
632 3845 714 3896 mictu
758 3845 805 3897 sed
818 3863 866 3898 aua
874 3847 930 3898 fata
942 3848 1027 3898 vicum
1040 3860 1183 3908 traxerunt
1196 3869 1262 3926 qute-

214 3919 279 3989 cipit
287 3917 371 3969 hortis
381 3919 508 3972 foedera:
518 3935 621 3974 secreto
631 3919 713 3976 riola·
758 3945 815 3978 rere
825 3939 946 3980 mortem.
958 3951 969 3976 n

214 4009 258 4051 tur
268 3997 378 4052 vnlnere
390 3996 436 4050 teli
445 4001 549 4053 AEneae,
562 4001 663 4054 canera
672 4017 714 4056 eat
732 3993 734 3998 ¹
791 4007 848 4063 vn.
861 4007 886 4064 6.
899 4011 1004 4064 caussas
1013 4009 1067 4064 alii.

1349 3981 1354 4016 l
