2654 4590
227 287 270 366 34
562 269 946 338 nonsummum

228 425 314 472 noves
325 396 487 462 distributas
498 406 635 456 cateruas.
648 395 816 452 Promovet
828 388 911 450 filius
922 390 1014 450 remis
1026 389 1185 471 ingentem
1200 389 1300 449 Cen-

228 508 369 564 taurum3
391 487 465 548 navi
481 481 545 566 ejus
560 480 623 542 hoc
640 500 757 540 nomen
775 476 815 538 ab
833 479 980 539 Centauri
999 476 1185 552 simulacr03
1206 497 1316 558 quae¹

229 587 295 648 fera
305 584 339 642 in
349 577 446 643 ardua
456 575 544 636 navis
554 585 655 654 parte,
670 589 811 652 puppem
821 567 975 648 intellige,
989 566 1128 649 depicta,
1141 581 1298 648 gestans-

231 695 290 758 que
304 669 435 732 navibns
450 684 557 726 saxum
576 663 730 734 immane,
749 661 808 719 toti
827 659 940 718 minari
959 657 1069 738 pelago
1090 657 1297 730 videbatur,
1316 695 1317 716 t

231 759 318 846 quasi
332 755 456 840 pondus
471 749 663 834 projeetura3
676 761 706 808 et
720 749 763 808 ita
777 746 904 806 demum
915 745 1053 806 sulcabat
1066 747 1176 806 maria.

275 848 338 926 198.
349 847 418 904 Hoc
429 844 460 900 in
471 838 601 920 gloriam
608 837 745 895 Mantuae
756 835 921 914 Virgilium
931 831 1074 894 condidit
1084 853 1154 894 eam
1163 833 1297 894 urbem

231 937 338 996 Ocnus
349 929 431 990 lilius
441 929 564 988 Mantus
575 939 605 984 et
614 923 741 1004 Tyberis
753 945 760 980 ι
773 917 964 982 habitavero
975 922 1138 982 estmatris
1150 923 1232 980 ratio
1250 922 1297 978 in
1312 915 1318 924 ’

231 1019 423 1086 nominanda
435 1016 528 1091 urbe,
548 1028 578 1074 et
590 1012 662 1074 ideo
679 1010 761 1072 dicta
773 1015 912 1072 Mantua.
934 1011 1013 1072 Vide
1030 1012 1201 1072 Excursum
1216 1013 1296 1092 pri·

232 1131 337 1184 mum,
351 1105 412 1166 vol.
428 1105 486 1176 lv·;
501 1124 532 1184 p.
549 1101 613 1182 193.

272 1217 340 1256 aor.
359 1193 496 1253 Mantuae
508 1186 624 1268 gloria3
647 1207 716 1268 quae
727 1184 802 1246 urbs
815 1185 892 1245 olim
905 1187 1134 1267 potentissima,
1154 1199 1192 1245 ut
1211 1204 1297 1266 quae

135 1299 137 1306 ’
232 1283 309 1345 olim
322 1291 416 1364 caput
427 1279 522 1341 totius
533 1275 687 1349 Thuscae,
707 1276 778 1334 ideo
790 1287 897 1356 postea
910 1277 972 1355 ipsa
984 1287 1072 1356 eaput
1081 1272 1217 1356 populis,
1239 1285 1294 1333 at·

230 1367 292 1456 que
311 1369 389 1430 adeo
407 1367 484 1426 dives
501 1367 579 1438 nnis,
600 1364 691 1424 idest
707 1360 898 1444 majoribus:
919 1362 1007 1422 addit
1023 1377 1131 1443 poeta,
1152 1361 1203 1422 sed
1219 1385 1293 1424 non

230 1483 321 1548 penus
331 1456 463 1520 omnibus
474 1475 565 1516 unum
572 1497 582 1526 ‚
596 1454 669 1533 quia
681 1452 825 1512 videlicet
833 1473 903 1534 pens
913 1451 957 1512 ille¹
968 1450 1072 1534 triplex
1078 1477 1089 1526 ‚·
1102 1470 1177 1512 narn
1189 1454 1294 1512 Man-

230 1565 285 1614 tua
301 1549 400 1610 divisa
411 1548 444 1608 in
456 1544 555 1605 tribus
566 1557 640 1612 tres,
654 1541 831 1602 conflatase
850 1543 942 1602 variis
954 1541 1094 1624 populis:
1117 1544 1186 1602 istae
1204 1564 1292 1604 vero

232 1642 332 1704 tribus
351 1636 518 1718 imperium
537 1631 696 1693 habebant
715 1635 749 1692 in
767 1634 859 1693 urbes
878 1632 1042 1693 duodecim
1060 1631 1223 1708 Thusciae,
1251 1656 1293 1694 ac

233 1727 368 1815 proinde
381 1747 445 1785 una
459 1745 590 1808 quaeque
604 1722 716 1783 harum
732 1724 872 1796 tribuum
889 1721 1063 1804 imperabat
1081 1738 1220 1803 quatuor
1235 1747 1293 1786 ur·

233 1820 340 1880 bibus:
352 1815 438 1887 ideo,
447 1812 551 1896 populi
557 1812 609 1873 sub
616 1827 699 1893 pente
707 1816 853 1893 quaterni,
864 1811 1073 1885 distributive3
1084 1811 1177 1872 fiebat
1185 1816 1292 1889 enirn,

233 1905 442 1988 utimperium
450 1902 668 1983 quaternatim,
678 1902 719 1960 sic
728 1900 838 1976 dicam,
848 1899 982 1960 divisum
992 1913 1082 1962 esset:
1094 1923 1168 1960 nam
1180 1924 1290 1984 quum

231 2015 367 2080 ¹quaeque
381 1992 479 2054 tribus
493 1992 583 2051 urbes
600 2003 733 2072 quatuor
745 1988 872 2050 haberet
888 1990 1041 2066 subditas,
1061 1991 1156 2052 fiebat
1169 2007 1207 2051 ut
1222 1995 1291 2052 sin-

235 2086 317 2168 gulae
328 2081 481 2142 haberent
494 2093 669 2161 quaternas·
684 2077 826 2140 Absolvit
840 2079 913 2139 inde
930 2082 1093 2140 Mantuam
1110 2100 1177 2142 esse
1194 2097 1292 2161 capiet

234 2170 350 2257 populis
360 2169 516 2245 Theseia,
530 2190 565 2228 ac
577 2169 709 2250 proinde
720 2170 854 2227 vicissim
867 2170 934 2227 viris
945 2167 980 2227 de
994 2171 1106 2229 Thusco
1119 2173 1272 2250 sanquine
1279 2195 1292 2244 ,·

235 2262 419 2342 namlvirtus
428 2258 579 2342 principis
589 2269 655 2316 tota
668 2279 686 2316 a
697 2255 847 2329 subditis,
863 2275 959 2336 quum
974 2258 1038 2338 ipse
1049 2269 1143 2339 caput
1154 2259 1197 2318 sit
1209 2259 1289 2318 sub·

236 2351 386 2414 ditorum.
1082 2407 1088 2417 ,

276 2434 344 2512 204.
366 2433 457 2496 Redit
472 2431 511 2493 ad
525 2433 674 2506 viamret
688 2432 732 2490 ait
748 2431 870 2490 Ocnum
883 2432 1126 2512 quingentorum
1141 2435 1287 2496 militurn

236 2528 360 2608 agmine
380 2526 563 2586 comitatum
582 2523 701 2581 venisse
722 2520 761 2578 ad
781 2520 813 2578 id
833 2520 966 2596 bellurn,
989 2534 1018 2581 et
1036 2524 1154 2602 signate
1171 2539 1288 2586 eontra

236 2615 425 2675 Mezentium
444 2613 555 2690 Regem
579 2608 737 2697 quondam
755 2607 967 2685 Thuseorum;
988 2623 1019 2670 et
1034 2607 1100 2690 jam
1117 2623 1188 2672 tum
1211 2613 1289 2674 inde

239 2699 414 2760 exulantem
430 2710 558 2776 propter
572 2694 677 2756 cades.

279 2783 347 2845 205.
368 2783 473 2842 Inerat
491 2784 564 2840 navi
582 2783 664 2842 Ocni
682 2782 821 2863 depictus
837 2785 869 2844 in
882 2806 987 2866 puppe
1002 2785 1135 2846 Mincius
1151 2782 1288 2862 fluvius,

238 2874 291 2956 qui
312 2883 414 2931 ortum
434 2869 520 2930 ducit
539 2866 579 2928 ab
598 2869 666 2928 lacu
683 2871 820 2930 Benaco:
842 2870 912 2948 ideo
934 2873 1020 2952 quasi
1042 2871 1187 2952 princeps
1209 2888 1289 2934 esset

239 2961 442 3044 expeditionis
452 2961 603 3034 Mincius,
618 2960 662 3018 ait
672 2960 710 3018 ab
724 2959 779 3018 illo
791 2959 861 3020 duci
875 2963 1040 3034 exercitum
1053 2962 1130 3041 pinu
1141 2965 1288 3039 nautica,

215 3043 218 3050 ¹
238 3046 271 3112 id
286 3061 346 3123 est,
360 3068 456 3108 nave:
472 3046 526 3106 dat
541 3045 587 3106 illi
602 3045 806 3120 arundinem,
826 3068 899 3106 narn
915 3046 965 3106 bic
981 3064 1109 3108 ornatus
1125 3049 1157 3106 in
1174 3052 1286 3131 capiti-

237 3135 297 3196 bus
310 3135 488 3196 lluviorum.
504 3135 540 3192 In
555 3131 815 3214 locutione-lepor
827 3147 870 3192 est
884 3135 1029 3208 eximius,
1043 3149 1072 3194 et
1086 3137 1193 3215 potius
1205 3143 1288 3219 παρά-

238 3225 329 3299 δοξον,
342 3236 371 3282 et
383 3221 601 3282 admirandum
611 3220 778 3303 quiddam3
792 3243 864 3281 nam
878 3223 989 3282 fluvius
1000 3222 1059 3282 fert
1070 3221 1217 3284 homines
1231 3246 1286 3308 per

239 3332 348 3372 marra.
608 3385 610 3394 ,

280 3420 348 3479 207.
367 3397 488 3457 Ocnum
502 3400 639 3480 sequitur
652 3397 788 3459 Aulestes
804 3399 851 3458 vir
865 3399 1024 3459 militaris:
1044 3399 1116 3459 vide
1128 3421 1223 3478 vero,
1239 3403 1284 3462 uti

240 3489 392 3550 describat
409 3490 567 3549 nauticum
591 3488 654 3570 ejus
676 3502 859 3570 apparatum
881 3505 911 3550 et
935 3506 1099 3566 conatum,
1123 3492 1162 3552 ab
1188 3495 1284 3554 remis

240 3593 381 3650 centum,
397 3576 435 3635 ab
447 3579 641 3658 uerberibus,
655 3579 694 3638 ab
710 3593 871 3660 spumante
883 3593 912 3639 et
924 3601 1010 3640 verso
1022 3581 1112 3641 mari.

276 3760 336 3812 ²⁰7·
358 3743 454 3794 Gravis.
476 3745 578 3798 Fortis:
600 3761 629 3800 ut
653 3747 735 3800 «ferit
781 3748 884 3817 quitur,
904 3760 1091 3817 «centenaque
1104 3747 1204 3802 arbore
1217 3748 1283 3801 fluc-

241 3842 304 3878 ense
315 3838 422 3894 gravem
435 3824 584 3894 Tymbraeus
600 3829 733 3899 Osyrirn.n
780 3838 835 3876 tum
846 3826 976 3878 Verberat
987 3844 1136 3898 assurgens.
1149 3851 1160 3874 ι
1171 3828 1236 3880 Non
1247 3831 1282 3880 ait

239 3902 289 3954 Vel
304 3901 387 3974 pravis
401 3914 446 3954 aut
461 3905 563 3970 animo,
583 3918 629 3958 aut
644 3920 734 3970 atate,
779 3907 871 3969 remis,
893 3905 941 3956 sed
959 3907 1113 3973 arboribus,
1135 3906 1171 3958 ad
1192 3909 1282 3978 expri-

243 3981 735 4054 autyravispropteruaremnamne·
778 3985 1281 4060 mendamnuvismagnitudinem‚queo
