2704 4582
316 309 369 368 ns
392 309 629 376 nnnruos
652 311 747 374 mn·
769 313 831 376 xi.
1031 325 1089 410 ¹4:

56 449 102 508 per
116 428 233 508 sylvas,
252 429 418 492 materiam
435 431 545 495 secani
561 442 756 494 mortuorum
772 435 866 514 rogis·
886 437 1002 503 Omnia
1021 459 1094 506 sunt

16 497 18 576 l
55 520 194 600 propria:
213 518 357 582 fraxinus
367 533 398 581 ct
406 521 499 601 pinus
512 522 608 582 securi
619 521 793 584 caeduntur:
810 524 921 586 robora
931 541 959 590 et
969 531 1093 614 cedrus,

58 607 122 684 quia
133 604 272 668 durioris
285 610 435 681 maleum,
454 609 559 666 cuneis
573 607 767 670 scinduntur.
782 613 860 671 Nota
873 625 903 672 et
915 615 1013 678 lucem
1030 625 1095 704 epi·

59 693 228 758 thetorum:
256 697 399 758 fraxinus
416 711 461 761 est
478 695 559 772 Μία,-
584 704 677 780 pinus
695 712 767 760 aceoe
785 700 825 764 ad
839 702 956 787 sydera:
981 710 1096 772 robora

60 796 139 858 sont,
157 783 254 858 dura,
274 787 390 866 quippe
402 787 500 848 cuneis
513 806 570 869 pro
584 784 720 866 epitheto
733 799 790 861 est,
805 791 889 868 queis
901 805 1027 868 notatur
1039 798 1097 860 du·

16 941 17 948 ἵ
61 874 151 948 rides:
177 875 309 937 demum
328 875 436 938 cedrus
458 873 556 936 olens:
580 874 671 945 rerba
692 897 814 962 quoque
828 881 985 958 aptissima
1006 902 1096 951 sunt:

16 967 18 1006 l
61 959 189 1022 fraxinus
204 976 294 1024 sonat
300 988 312 1036 ,·
330 985 419 1038 uam,
439 984 536 1046 quum
549 963 717 1046 frangitur,
737 965 821 1026 claro
838 979 881 1030 est
894 972 1014 1049 sonitu,
1031 997 1097 1042 non

16 1067 18 1130 ξ
61 1050 182 1127 obtuso,
202 1065 285 1112 certe
297 1052 477 1126 clamosior,
496 1073 590 1134 quam
606 1053 675 1114 atiae
692 1053 833 1118 arbores:
852 1056 960 1136 pinus,
981 1075 1014 1124 ut
1029 1085 1097 1146 quae

16 1171 17 1212 3
63 1137 116 1196 alto
125 1153 305 1214 evernantur,
316 1161 380 1220 quo
390 1161 437 1202 res
446 1137 484 1204 fit
493 1142 607 1222 tragice
618 1163 625 1200 :
635 1141 746 1216 robur,
760 1153 789 1204 et
799 1141 905 1204 cedrus
914 1147 1098 1226 scinduntur,

63 1225 135 1306 quod
146 1229 280 1291 verbum
289 1231 391 1313 aptius
402 1227 440 1290 ad
451 1249 565 1292 cuneos
578 1252 584 1288 :
600 1228 724 1294 demum
735 1241 806 1314 post
815 1245 925 1296 sectam
938 1240 1099 1304 materiam

16 1315 17 1322 ’
62 1319 189 1396 sequitur
201 1321 426 1400 comportatio,
442 1321 540 1382 immo
557 1323 677 1382 vectatio
693 1319 920 1402 frequentativa
932 1345 1020 1400 voce,
1035 1347 1099 1410 quo
1156 1362 1158 1367 ,

16 1437 17 1480 3
63 1406 209 1490 intelligas
220 1421 327 1470 euntes
336 1429 416 1492 saepe
426 1422 457 1468 et
466 1408 643 1484 redeuutes;
655 1421 684 1470 et
693 1407 829 1492 plaustris
837 1413 1032 1495 peccantibus:
1046 1419 1101 1498 qui

61 1497 184 1574 gemitus
196 1495 300 1561 adhuc
309 1495 388 1558 mihi
400 1511 472 1581 post
484 1509 531 1560 tot
542 1498 652 1562 secuta
664 1499 697 1557 iu
711 1499 837 1560 auribus
849 1497 975 1577 stridet,
989 1523 1100 1586 easque

16 1603 17 1656 3
63 1585 217 1664 opprimit.
658 1587 664 1593 ’

16 1669 17 1732 ἶ
99 1673 160 1752 139.
185 1674 231 1732 Er
249 1686 360 1734 natura
378 1673 484 1750 famae,
506 1695 576 1756 quae
594 1695 682 1735 veros
699 1677 827 1736 nuntios
845 1681 1008 1758 praevenit,
1029 1680 1100 1740 ideo

16 1813 17 1816 ,
61 1766 218 1840 prenuntia
224 1789 236 1837 ‚·
248 1778 279 1822 et
291 1765 365 1844 quia
375 1765 572 1845 praenuntia,
585 1765 654 1824 ideo
666 1763 783 1838 volans,
800 1767 887 1846 quasi
900 1788 964 1828 non
978 1783 1012 1828 ut
1021 1791 1104 1830 nun·
1165 1789 1168 1800 ¹

16 1857 18 1932 j
63 1851 91 1906 tii
101 1866 248 1914 consueto
260 1853 385 1927 itinere,
397 1851 450 1912 sed
461 1873 516 1934 per
526 1873 636 1919 aerem.
647 1854 727 1911 Mira
735 1873 806 1912 vero
817 1853 992 1935 dispositio,
1004 1879 1102 1940 quum

63 1937 108 1996 illa
120 1939 258 2020 complet
269 1943 373 2022 primo
383 1939 574 2013 Evandrum,
590 1953 624 2000 ut
634 1963 727 2028 quem
739 1945 836 2002 acrior
846 1943 937 2004 dolor
946 1958 1102 2028 tangeret;

16 2065 18 2130 q
63 2025 166 2089 deinde
181 2027 285 2092 domos
300 2029 381 2110 ejus:
401 2032 492 2092 tertio
507 2033 630 2104 munia,
649 2030 764 2111 idest,
785 2031 893 2090 urbem
906 2033 1012 2114 :quid
1031 2057 1102 2094 vero

16 2137 18 2184 ζ
64 2112 157 2175 fama?
171 2115 300 2176 acerbos
313 2116 531 2190 affert'luctuS,
546 2138 631 2197 quae,
646 2131 716 2176 ante
729 2133 922 2178 momentum
936 2127 1103 2204 temporis,

63 2203 216 2282 preclaras
231 2203 355 2289 juvenis
377 2207 531 2266 victorias.
550 2207 718 2288 Egregium
732 2213 828 2282 πάθος;
855 2229 928 2268 nam
946 2231 964 2268 a
981 2233 1102 2272 summa

16 2287 18 2316 *
64 2291 180 2352 fortuna
193 2295 233 2354 ad
247 2316 401 2354 summam
415 2295 640 2362 infelicitatem.

16 2377 17 2380 '
100 2383 162 2458 ¹4²·
179 2385 251 2443 Non
268 2397 311 2442 est
324 2399 416 2465 poeta
433 2383 549 2444 oblitus
562 2384 666 2443 decori
679 2385 711 2441 in
726 2395 813 2442 tanto
827 2383 935 2443 dolore
946 2388 1101 2450 Evandri:

66 2470 133 2531 alius
149 2475 269 2558 quippe
280 2475 381 2556 primo
394 2487 512 2555 patrem
528 2475 633 2556 ipsum
650 2472 870 2532 convolantcm
886 2473 1018 2535 faceret:
1037 2497 1104 2536 non

65 2565 112 2635 sic3
131 2564 244 2644 vulgus
262 2564 365 2646 primo
383 2567 444 2622 ruit
453 2563 493 2648 ad
513 2577 635 2645 portas,
655 2575 685 2620 et
701 2583 760 2642 qua
778 2561 975 2622 inferendum
990 2565 1104 2640 funus3

66 2649 194 2738 facesque
209 2653 294 2732 rapit
307 2673 340 2711 ex
353 2665 455 2712 vetere
468 2674 572 2727 more3
593 2653 649 2712 viae
666 2673 775 2711 omnes
787 2651 919 2712 flammis
936 2654 1056 2734 lucent,
1075 2666 1106 2714 et

16 2763 17 2766 ¹
65 2742 99 2798 ita
114 2741 175 2802 illae
195 2742 322 2814 multae,
343 2755 378 2801 ut
397 2746 462 2825 agri
479 2744 539 2828 ipsi
556 2742 689 2803 discerni
705 2754 734 2801 et
750 2741 957 2804 discriminari
973 2747 1104 2826 possint.

65 2827 134 2887 Puto
148 2829 283 2888 indicari
296 2849 314 2887 a
326 2842 417 2910 poeta
430 2845 553 2912 tempus
565 2845 773 2906 nocturnum,
786 2844 816 2890 et
827 2831 900 2890 inde
913 2831 1105 2891 discrimina-

16 2965 17 2968 ,
66 2917 102 2974 tio
115 2917 168 2977 illa
183 2939 219 2977 ex
235 2917 437 2980 multitudine
451 2919 660 2984 flammarum.

102 3005 163 3081 145.
179 3009 279 3066 Fiunt
292 3005 357 3090 jam
376 3009 483 3068 omnia
499 3010 634 3090 tragica:
649 3006 735 3066 vides
748 3008 832 3064 enim
849 3020 879 3065 et
895 3007 1036 3087 planctus
1051 3029 1104 3068 ve-

68 3093 211 3154 nientium
224 3117 296 3155 cum
309 3096 471 3172 cadavere,
491 3112 522 3157 et
535 3095 684 3160 clamores
699 3097 938 3178 excipientium:
954 3111 982 3156 et
997 3098 1029 3157 iu
1045 3095 1104 3157 hac

67 3183 219 3266 Tragoedia
232 3188 340 3250 omnia
352 3187 497 3270 proprie:
516 3188 569 3268 qui
581 3189 713 3248 veniunt
723 3207 794 3246 cum
806 3185 968 3260 cadavere,
984 3199 1018 3246 ut
1030 3187 1104 3265 viri,

70 3373 97 3424 'sd
108 3394 185 3446 quern
196 3377 302 3450 aliquid
314 3378 350 3432 ad
362 3392 466 3452 tempus
478 3398 558 3451 sepo·
602 3381 732 3435 rebantur
742 3377 850 3430 arbones
863 3377 1004 3430 odoriferae
1018 3375 1106 3432 adus-

70 3455 130 3506 nitur
142 3479 149 3508 :
163 3457 265 3510 dictum
277 3471 366 3513 autem
379 3479 396 3510 a
407 3461 558 3530 sequend0;
604 3461 702 3512 trinam
720 3476 791 3530 pyrae
811 3456 979 3534 abigendam.
997 3459 1030 3512 Et
1049 3457 1105 3513 haeo

71 3535 134 3602 quod
142 3540 211 3608 ejus,
222 3540 269 3610 qui
279 3537 379 3590 electus
387 3541 559 3610 sit,utraque
605 3551 645 3592 est
660 3538 743 3601 ratio,
763 3555 810 3587 cur
827 3535 948 3590 adhibita
965 3537 1051 3590 cedrus
1071 3538 1104 3590 ab

72 3631 124 3682 pars
138 3617 220 3670 fidem
238 3621 368 3690 sequitur.
388 3621 484 3672 Pacem
496 3639 564 3692 ergo¹
605 3617 780 3669 scientissimo
802 3627 896 3685 poeta,
926 3617 1029 3668 etiamsi
1050 3635 1107 3668 non

70 3707 225 3764 wqwsstmm,
238 3698 361 3750 inducias
374 3698 453 3763 dicit;
464 3698 493 3752 id
507 3713 560 3767 est,
606 3709 675 3751 esset
684 3698 712 3748 iu
721 3715 753 3747 eo
761 3694 836 3761 orbe,
844 3695 925 3747 modo
934 3713 995 3748 vere
1002 3696 1107 3748 cedrum

72 3790 155 3840 pacem
162 3778 350 3849 temporalem,
363 3779 513 3831 etmediam
521 3783 561 3832 in·
605 3776 750 3846 intelligat,
762 3774 843 3826 motio
848 3777 1012 3848 juniperum,
1026 3795 1108 3846 quam

73 3853 384 3928 urben-mpetratum
396 3861 561 3929 etefutumm,
603 3859 706 3910 eltutus
721 3856 796 3908 codro
811 3859 919 3909 aitesse
932 3856 1061 3910 similem:
1079 3868 1107 3908 et

73 3932 170 3990 “lituu
180 3937 525 4007 otmuaquehostemderv.
605 3935 1106 4004 vere,nameuaritateodoris,foliis‚

107 4011 563 4088 137.01012temeedrum.qutrquae·
605 4019 711 4082 baccis,
722 4017 815 4072 sinrilis
828 4030 867 4070 est
881 4017 962 4070 cedro.

888 4123 926 4159 10.
