2704 4582
250 289 293 376 96
577 280 958 349 couneurarrr

249 407 402 482 Patrocli,
423 405 571 468 citissime
587 404 744 481 obiturus,
765 415 802 464 ut
820 403 884 465 ille.
906 405 1038 468 Arcades
1056 411 1260 492 pugnabant
1281 416 1317 476 in

241 512 337 582 parte
352 498 497 579 quapiam
513 493 630 570 litoris,
644 496 677 555 in
692 515 787 577 quam
802 492 930 556 fortasse
944 511 1063 560 torrens
1078 502 1263 579 intulerat,
1281 520 1320 565 ut

249 586 327 649 solet
340 587 424 662 fieri,
439 599 470 646 et
480 605 550 646 saxa
563 583 715 666 plurima,
737 597 766 644 et
779 596 905 646 truncos
918 583 1068 648 arborum
1082 592 1160 672 ripis
1174 592 1318 656 dirutos

248 699 401 760 aquarum
414 678 443 735 vi
457 699 464 735 ε
482 695 579 756 quum
592 693 663 734 vero
681 673 726 732 illi
739 695 840 755 neque
852 695 948 756 equos
960 695 1050 758 agere
1061 680 1094 739 in
1106 680 1188 741 locis
1204 685 1318 766 impe-

247 767 320 826 ditis
333 778 475 847 possent,
491 783 592 844 neque
606 764 720 822 assueti
735 774 834 822 essent
847 761 980 843 pedestri
995 765 1121 845 praelio,
1137 787 1318 852 caeperunt

247 857 371 938 fugere,
391 853 472 936 quod
492 855 618 914 unicum
635 854 667 911 in
681 850 814 912 adversis
831 852 1022 912 remedium:
1038 875 1111 937 crgo
1123 878 1176 918 eos
1195 860 1316 922 Pallas

246 945 343 1025 coepit
352 940 417 1022 jam
429 940 572 1024 precibus
585 960 712 1020 rogare3
723 936 788 1020 jam
798 936 909 1020 jurgiis
921 940 1090 1023 increpare.

286 1035 353 1113 369.
365 1033 518 1114 Proponit
526 1032 629 1113 primo
639 1043 712 1088 ante
720 1028 827 1089 oculos
834 1043 1012 1110 peccatum,
1022 1032 1165 1096 videlicet
1173 1037 1297 1118 fraqam
1303 1064 1315 1113 ;

246 1134 275 1183 et
289 1119 529 1201 interrogando,
549 1140 613 1200 quo
624 1122 670 1178 vis
682 1116 800 1196 major,
813 1120 904 1178 socios
916 1119 1070 1199 appellat:
1091 1125 1180 1203 quasi
1195 1123 1314 1200 dicat3

245 1212 346 1284 itane,
360 1212 414 1288 qui
428 1208 517 1268 sociis
531 1207 619 1280 estis,
634 1205 802 1264 desertores
814 1203 900 1264 sitis?
920 1206 1003 1285 quod
1018 1209 1144 1288 gravius
1156 1213 1316 1273 crimen?

236 1300 309 1379 agit
321 1317 393 1356 cum
411 1295 473 1354 illis
486 1293 551 1374 jam
566 1293 723 1374 precario,
741 1291 808 1371 jam
827 1291 1038 1354 amarulenter
1054 1293 1094 1354 ad
1111 1299 1314 1360 evitandum

244 1387 362 1445 crimen
372 1383 469 1463 fuga:
482 1399 554 1460 ergo
565 1381 669 1462 primo
680 1377 749 1438 loco
759 1392 831 1438 sunt
841 1399 945 1459 preces
952 1405 961 1455 ;
971 1402 1024 1460 per
1034 1403 1095 1456 vos,
1105 1400 1311 1466 perpetrem,

242 1497 295 1557 per
305 1496 369 1533 me:
391 1472 467 1551 quid
479 1471 582 1551 potuit
595 1471 627 1528 in
640 1469 784 1550 precibus
796 1463 973 1529 efficacius?
993 1491 1048 1550 per
1063 1492 1135 1547 vos,
1156 1495 1312 1554 quorum

244 1578 316 1624 sunt
324 1563 411 1646 facta
419 1563 532 1643 fortia:
554 1580 609 1640 per
627 1571 765 1640 patrem,
787 1557 820 1616 in
838 1555 924 1638 cujus
943 1561 1092 1620 comitatu
1109 1561 1205 1624 vobis
1224 1581 1312 1626 sunt

241 1651 377 1734 plurima
392 1645 467 1708 betta
477 1647 606 1707 devicta:
621 1669 677 1728 per
688 1667 755 1722 me,
770 1644 856 1726 cujus
868 1667 945 1728 spem
959 1649 1068 1710 videtis
1075 1647 1140 1730 jam
1153 1652 1311 1714 aemulam

239 1751 367 1821 paternae
386 1733 488 1794 laudis.
509 1733 591 1812 Quid
610 1755 683 1794 vero
702 1748 766 1793 tam
782 1735 871 1793 anxie
887 1734 983 1815 petit?
994 1736 1081 1818 fidite
1097 1759 1134 1798 ne
1151 1739 1308 1820 pedibus;

242 1828 358 1898 immo,
376 1821 496 1881 hostem
513 1823 664 1902 rumpite,
688 1843 750 1902 qua
767 1820 969 1902 densissimus
986 1823 1115 1903 globus3
1139 1845 1216 1886 nam
1236 1824 1307 1888 hac

241 1927 328 1996 parte
339 1909 464 1970 reduces
476 1913 575 1992 patria
587 1931 645 1970 nos
662 1911 748 1970 vult:
769 1932 803 1970 ac
820 1912 845 1969 si
861 1909 960 1986 dicat3
982 1911 1049 1971 vult
1066 1915 1170 1992 patria
1190 1935 1250 1974 vos
1271 1932 1307 1976 et

241 2025 292 2064 me
304 2003 459 2082 accipere,
478 2002 503 2060 si
521 2001 559 2060 ad
574 2020 643 2060 eam
659 2013 851 2060 revertamur
867 2021 922 2080 per
938 1999 1035 2060 caedes
1046 2000 1205 2080 hostium,
1226 2025 1303 2065 non

241 2094 326 2173 turpi
342 2091 435 2170 fuga:
457 2109 531 2149 nam
549 2089 665 2149 reditus
679 2089 718 2148 ab
735 2088 810 2170 fuga
826 2089 1073 2165 abominandus3
1096 2092 1134 2150 ab
1153 2093 1305 2155 caedibus

240 2177 425 2240 laudandus.

281 2267 347 2350 375.
359 2265 503 2345 Sequitur
512 2285 581 2346 pars
590 2263 686 2324 altera
694 2263 860 2339 orationis,
872 2283 941 2345 quae
952 2275 1015 2324 tota
1027 2261 1281 2346 objurgabunda
1295 2293 1302 2328 :

239 2377 338 2440 quum
352 2355 439 2414 nulia
454 2375 510 2413 nos
525 2366 670 2436 premant
681 2354 829 2425 numina,
850 2374 946 2432 quum
961 2365 1084 2414 tantum
1102 2374 1160 2413 nos
1177 2374 1300 2436 urgeat

238 2445 336 2506 hostis
355 2444 512 2518 mortalis;
533 2464 631 2524 quum
650 2442 742 2502 nobis
761 2436 908 2512 totidem,
930 2453 1007 2520 quot
1026 2439 1100 2515 iilis,
1123 2443 1241 2504 animae
1264 2462 1300 2506 et

238 2553 366 2605 manus,
377 2552 433 2590 cur
443 2528 601 2610 fugimus?
610 2528 658 2586 his
671 2526 770 2585 verbis
780 2526 888 2606 procul
898 2526 996 2588 dubio
1008 2527 1078 2586 iilos
1087 2528 1212 2610 pudore
1223 2535 1298 2592 suf-

238 2621 359 2694 fundit,
371 2619 456 2698 quod
469 2637 566 2698 genus
576 2615 805 2696 objurgationis
818 2637 896 2678 acre.

278 2708 346 2788 377.
361 2703 495 2764 Adhibet
504 2718 639 2763 extremo
652 2702 721 2762 loco
734 2703 1016 2784 impossibilitatem
1028 2703 1127 2786 fugae,
1142 2727 1207 2787 quo
1218 2727 1295 2768 ma-

234 2796 303 2878 jore
314 2794 435 2878 pudore
447 2792 583 2852 afficiat:
596 2813 668 2872 ergo
679 2813 734 2852 nec
743 2795 822 2852 mari
834 2792 956 2875 fugere,
972 2815 1028 2854 nec
1040 2808 1119 2856 terra
1133 2801 1273 2878 potestis
1286 2824 1294 2859 :

237 2909 303 2948 non
316 2887 411 2961 mari,
431 2885 504 2965 quia
521 2885 628 2965 ingens
641 2897 685 2943 est
696 2882 762 2962 ejus
773 2883 976 2964 magnitudo,
996 2906 1091 2966 quam
1108 2907 1173 2948 non
1193 2885 1296 2969 pedi-

236 2979 294 3038 bus
306 2974 498 3038 transibitis:
514 2972 597 3034 deest
608 2988 689 3034 terra
698 2973 795 3054 fugae,
809 2993 882 3033 nant
895 2971 975 3034 hanc
987 2973 1090 3034 hostes
1103 2993 1263 3059 occupant
1280 3003 1289 3039 :

236 3067 371 3149 objicitis
382 3090 390 3141 3
401 3086 506 3125 eamus
517 3063 555 3123 ad
565 3062 707 3144 Trojam,
719 3063 752 3122 id
764 3077 825 3137 est,
836 3062 875 3121 ad
887 3077 985 3122 castra
997 3063 1129 3144 Trojana
1139 3111 1149 3140 ,
1161 3069 1214 3126 ubi
1228 3072 1291 3129 As-

235 3159 357 3218 canius:
371 3154 482 3228 diluit;
497 3149 1143 3234 nequehocpossumus,namquipeta901⁷
1156 3153 1289 3233 Suhcat,

234 3245 357 3316 Lector,
375 3240 456 3301 hanc
471 3239 578 3300 urbem
592 3237 752 3298 conditam
764 3239 803 3298 ab
815 3239 908 3298 AEnea
922 3241 954 3296 in
972 3240 1042 3320 ipso
1060 3242 1154 3299 maris
1172 3241 1288 3304 litore:

234 3331 305 3391 vide
315 3333 349 3390 in
358 3327 414 3388 lib.
424 3331 491 3405 Vll,
506 3330 570 3405 158,
580 3329 674 3388 verba
683 3343 797 3411 poetae3
805 3331 969 3410 primasque
982 3331 1013 3388 in
1027 3327 1107 3389 litote
1118 3331 1196 3390 sedes
1207 3334 1284 3393 Cas·

268 3525 328 3595 375.
344 3523 463 3576 Numina
476 3523 552 3575 nulla
563 3535 694 3596 premunt.
708 3524 731 3575 A
776 3534 848 3575 terra
860 3522 894 3574 ab
908 3521 1031 3574 hostibus
1045 3535 1184 3586 teneatur3
1202 3541 1279 3576 mare

233 3605 307 3661 facili
326 3613 537 3674 argumentatur,
559 3603 650 3657 dicens
668 3621 730 3661 ,non
776 3615 864 3656 autem
881 3601 994 3673 pedibus
1012 3603 1124 3655 transire
1141 3621 1196 3654 non
1214 3621 1283 3674 pos-

233 3697 322 3741 centra
332 3681 414 3744 Deos,
433 3679 480 3732 ted
492 3694 585 3735 contra
603 3683 729 3736 mortales
775 3686 841 3734 sint:
856 3696 944 3734 castra
957 3701 1021 3734 vero
1036 3681 1140 3754 ingredi
1154 3687 1281 3755 turpissi-

231 3766 303 3820 balla
316 3773 469 3814 tractamus.
480 3761 549 3813 Serv.
773 3781 845 3814 mum
851 3763 1278 3835 sitzautcerteetiamhocirnpcs-

267 3849 327 3916 377.
344 3838 411 3894 Ecce
421 3842 506 3893 maris.
525 3841 605 3909 Quod
617 3856 657 3896 est
669 3841 728 3896 effi·
773 3842 859 3905 sibile,
865 3845 887 3892 si
894 3841 928 3893 ab
936 3843 1059 3895 hostibus
1067 3843 1235 3910 obsidentur,
1243 3858 1274 3896 ut

231 3946 294 3990 aar,
306 3928 333 3976 in
345 3921 396 3972 fine
406 3921 510 3991 posuit=
522 3937 583 3973 nam
593 3921 672 3988 dicit,
681 3940 727 3974 eos
773 3922 881 3993 quidam
890 3923 1271 3995 voiunt,intelligentes.Deui-

232 4025 286 4081 quo
304 4003 408 4073 tugiunt
429 4017 483 4050 non
502 3999 619 4064 habere,
645 4019 727 4072 quum
773 4019 823 4072 que
831 4001 977 4054 htscverba
985 4004 1106 4074 exempic
1118 4003 1267 4056 confirmat.
