2742 4596
869 259 889 295 l

251 342 529 411 conminus
553 335 963 447 nauusonrrrrs
1056 356 1118 438 433
1161 357 1163 362 ’

72 472 275 534 oedicularum
291 469 401 529 formae
415 467 517 548 plures
530 487 585 526 nec
601 467 801 548 iuelegantes,
814 485 850 530 ut
863 493 894 554 p.
910 473 965 550 134
976 499 1036 540 arae
1048 491 1120 544 cum

70 563 177 621 sacris.
193 556 337 640 Orpheus
356 555 455 636 pileo,
467 552 559 634 quod
579 555 713 628 mireris,
731 554 864 638 Phrygio
881 577 974 642 caput
993 565 1120 630 indutus

72 672 104 730 p.
119 671 152 708 21
170 661 201 707 et
218 668 282 728 177.
296 645 390 705 Navis
403 643 473 704 XVI
487 661 659 716 remorum,
673 643 733 702 alia
745 645 858 721 XVIII,
871 649 931 708 alia
943 653 984 728 X,
998 655 1121 739 aliquot

72 737 189 810 XXVI,
201 733 285 794 XXIl
298 751 474 812 remorum
487 732 512 789 si
528 731 624 789 modo
640 729 764 789 artificis
782 734 937 814 imperitia
951 760 1120 807 numerum

71 825 203 884 curavit.
219 823 380 902 Neptunus
396 831 426 876 et
435 821 538 878 Venus
550 837 621 875 cum
635 833 757 898 sceptro
771 819 808 876 ad
822 821 890 881 AEn.
901 824 937 897 V,
948 847 1021 907 7793
1034 832 1120 894 Urna

71 911 189 970 Minois
210 907 250 992 ad
267 909 322 982 VI,
341 905 396 982 431
420 907 499 979 miro
519 901 614 962 modo
634 924 771 984 expressa
793 927 824 987 p.
850 929 919 984 ¹¹⁰3
937 912 997 972 tela
1019 917 1119 980 Circes

71 1021 103 1083 p.
121 1020 190 1080 1293
204 1000 288 1059 luno
301 1017 370 1058 curn
384 995 488 1055 Alecto
502 1015 533 1074 p.
551 990 620 1068 1423
635 995 720 1053 luno
733 997 846 1054 Janum
861 1019 996 1062 reserans
1006 1026 1036 1085 p.
1055 1009 1119 1082 148.

112 1091 185 1149 Fuit
197 1089 247 1148 hic
259 1089 352 1160 liber,
366 1085 449 1166 quod
463 1085 494 1142 in
506 1081 608 1141 fronte
621 1090 765 1144 notatum
778 1085 906 1166 legitur,
920 1093 1056 1170 primum
1065 1101 1120 1158 Jo.
1145 1091 1148 1098 '

70 1181 154 1239 vinni
168 1178 311 1249 Pontuni,
325 1187 392 1234 tum
404 1175 484 1232 Petri
497 1170 600 1231 Bembi
611 1174 658 1252 (v.
671 1173 727 1231 inf.
739 1172 777 1232 de
789 1175 896 1234 Bembi
911 1178 1120 1258 codd.),m0x

69 1266 170 1330 Fuluii
186 1267 297 1337 Ursini,
312 1265 448 1347 quicum
463 1259 640 1321 bibliothecen
652 1263 817 1337 Vaticano,
828 1267 877 1324 cui
890 1284 1033 1346 praeerat,
1047 1257 1119 1334 cum

69 1355 142 1416 aliis
154 1350 252 1412 Codd.
266 1351 382 1411 intulit.
395 1351 555 1408 Neminem
570 1347 672 1409 adbuc
685 1350 722 1408 de
734 1349 793 1411 hoc
806 1351 912 1412 codice
926 1356 1118 1438 inspiciendo

70 1444 245 1505 sollicitum
264 1455 337 1500 ante
355 1461 385 1499 se
400 1437 492 1498 fuisse
506 1437 620 1513 videri,
634 1439 723 1499 docet
737 1441 892 1502 Bottarius
908 1465 939 1524 p.
950 1467 978 1504 r.
989 1447 1076 1510 Vidit
1089 1468 1120 1512 et
1150 1433 1153 1438 ¹
1199 1477 1203 1483 ⁴

57 1535 180 1610 *laudat
192 1532 324 1592 eundem
339 1528 543 1590 Mabillonius
556 1530 627 1588 ltin.
643 1529 786 1590 Italicsl.
797 1530 826 1606 I,
840 1553 870 1612 p.
886 1533 934 1593 63.

110 1627 149 1684 II.
169 1622 252 1682 Alter
270 1621 374 1680 Coniux
393 1637 564 1679 varmanus
581 1620 827 1698 antiquissimus,
845 1623 1006 1704 Bucolica,
1024 1630 1119 1690 Geor.

69 1717 140 1798 gica
157 1725 187 1772 et
203 1711 363 1770 AEneidem
380 1707 575 1788 complexus,
591 1729 648 1769 nec
662 1710 722 1768 nisi
739 1711 771 1768 in
786 1713 891 1792 paucis
906 1713 983 1775 locis
998 1733 1121 1780 trunca·

68 1819 119 1862 tus
133 1800 191 1880 (ι),
203 1798 261 1857 Ms.
272 1796 359 1876 3867,
371 1793 640 1868 membranaceus,
652 1793 827 1858 charactere
838 1802 964 1883 capitali
975 1805 1117 1868 Romano

67 1889 241 1961 rusticiore,
252 1886 314 1944 sive
324 1885 525 1958 incomtiore3
536 1884 645 1943 altiore
657 1905 751 1965 quam
766 1885 892 1964 latiore3
905 1894 1029 1971 punctis
1040 1897 1127 1957 inter,

68 1974 182 2049 verba,
202 1973 254 2034 sed
273 1970 313 2032 ab
333 1970 459 2031 indocta
478 1992 575 2031 manu
594 1972 697 2035 illatis.
712 1971 815 2034 Habet
829 1989 858 2035 et
873 1979 898 2036 is
913 1977 1026 2060 figuras
1042 2004 1120 2044 non·
1191 1970 1192 1974 Ἰ

67 2062 192 2136 nullas,
207 2080 284 2142 quas
295 2057 438 2118 Bartolus
450 2057 534 2118 libro
548 2059 644 2120 modo
658 2076 828 2122 memorato
841 2065 880 2143 (a)
892 2085 952 2125 aere
963 2073 1119 2150 expressit.

108 2151 214 2209 Etiam
233 2149 266 2206 in
283 2145 376 2226 hujus
392 2146 466 2204 libri
484 2159 634 2206 vetustate
651 2145 836 2208 celebranda
854 2151 1018 2212 doctorum
1037 2159 1120 2216 viro·

68 2261 142 2300 rum
157 2235 260 2298 studia
275 2234 478 2295 incaluerant.
494 2234 565 2295 Vid.
579 2231 742 2295 Mabillon.
758 2238 796 2296 de
809 2241 853 2297 Ile
864 2237 1002 2320 Diplom.
1016 2242 1071 2304 lib.
1082 2247 1120 2322 V,

67 2329 196 2403 tab.VI‚
210 2349 239 2407 p.
253 2326 320 2388 352.
331 2324 503 2384 Montfauc.
514 2325 599 2382 Diar.
613 2324 681 2382 Ital.
692 2346 722 2404 p.
734 2346 804 2406 277,
814 2341 844 2386 et
855 2329 1034 2390 Bibliothec.
1046 2333 1117 2393 Mss.
1206 2332 1212 2337 ’

67 2442 100 2502 p.
119 2419 188 2478 31³.
202 2417 354 2476 Bottarius
366 2417 399 2472 in
413 2412 499 2495 praef.
517 2411 657 2487 laudata,
674 2434 705 2492 p.
722 2412 752 2492 vj
771 2427 806 2472 et
816 2435 863 2472 xx.
877 2417 1066 2478 Benedictini
1081 2423 1117 2482 N.

66 2510 120 2567 Tr.
138 2505 177 2565 de
197 2503 335 2585 Diplom.
348 2503 382 2560 T.
397 2503 458 2576 III,
471 2498 536 2559 tab.
549 2501 670 2574 XXXV,
690 2521 760 2580 pag.
779 2502 833 2574 61,
848 2503 901 2576 62,
916 2506 969 2584 qui
990 2507 1116 2588 quidem

67 2596 185 2658 saeculo
194 2589 242 2654 tv
252 2594 460 2673 antiquiorem
475 2611 537 2650 esse
549 2602 674 2669 negant.
687 2591 808 2650 Pictura
823 2586 986 2654 deterioris
997 2612 1078 2658 notae
1090 2615 1120 2660 et

66 2685 249 2746 barbariem*
258 2681 327 2764 plus
338 2680 471 2755 redolet,
481 2700 576 2760 quam
585 2678 639 2736 illa
649 2677 756 2758 paullo
767 2694 839 2740 aute
849 2699 1029 2746 memorata.
1038 2691 1120 2748 Eum

67 2794 104 2834 er
121 2771 225 2832 Gallia
241 2772 274 2829 in
292 2769 414 2828 Italiam
431 2767 624 2849 pervenisse,
642 2781 672 2824 et
684 2767 716 2824 in
731 2768 763 2824 B.
776 2768 919 2850 Dionysii
936 2772 1040 2853 aliqua
1055 2776 1119 2835 aede

66 2863 148 2923 olim
162 2871 317 2920 servatum
333 2856 440 2930 fuisse,
456 2853 720 2914 Montefalconius
731 2855 945 2916 observaverat
955 2859 1031 2920 ibid.
1042 2863 1121 2921 Lau·
1199 2877 1208 2882 ·’

65 2952 122 3012 dat
136 2969 209 3009 eum
222 2945 411 3021 Politianus,
422 2945 554 3005 MiscelI.
570 2964 597 3004 c.
612 2966 664 3026 71,
680 2965 734 3026 773
750 2945 812 3006 vid.
827 2946 940 3006 Bottar.
953 2969 983 3028 p.
997 2970 1044 3008 xx.
1058 2952 1122 3010 Co*

64 3042 126 3102 dex
141 3038 193 3098 hic
207 3035 427 3118 intelligendus
442 3048 501 3108 cst,
516 3036 636 3115 quoties
649 3036 767 3094 Pierius
778 3037 931 3116 antheum
947 3035 994 3096 vel
1008 3041 1118 3106 Romo·

63 3148 142 3190 num
155 3121 322 3200 memorat,
336 3121 421 3204 quod
434 3119 643 3181 characterem
656 3120 830 3182 litterarum
841 3124 983 3183 Romano
994 3128 1119 3206 propio-

65 3237 137 3277 rem
166 3235 228 3274 esse
249 3211 445 3284 autumabat,
470 3208 502 3270 b.
525 3230 552 3269 e.
572 3211 835 3294 capitali,·qualis
856 3213 888 3269 in
910 3217 1119 3276 marmoribus

64 3305 191 3364 visitur.
205 3299 276 3360 Vid.
291 3300 410 3358 Pierius
426 3298 540 3378 Castig.
560 3298 592 3356 iu
607 3299 712 3358 Bucol.
731 3301 829 3380 princ.
846 3297 987 3380 Namque
1002 3303 1119 3363 Pierius

10 3405 20 3430 '⁰
66 3391 178 3454 codice
190 3388 250 3449 hoc
264 3391 337 3448 satis
351 3387 479 3470 quidem
492 3387 658 3468 diligenter
669 3409 742 3446 usus
754 3401 813 3461 est,
828 3386 866 3445 de
878 3409 940 3468 quo
952 3389 1060 3450 eodem
1073 3392 1119 3451 di·

65 3501 138 3542 cere
155 3477 279 3538 ridetur
296 3477 335 3536 ad
354 3479 422 3536 AEn.
437 3479 497 3552 IX,
513 3497 560 3536 20.
578 3477 694 3536 Iterum
707 3491 812 3534 tamen
830 3476 963 3537 eundem
978 3479 1118 3542 codicem

65 3591 143 3632 cum
159 3569 283 3648 vulgari
304 3568 455 3641 editione,
472 3567 567 3626 Hack.
588 3567 622 3626 L.
637 3569 668 3625 Β.
686 3567 777 3639 1680,
794 3565 972 3646 sedparum
987 3567 1075 3630 docte
1091 3584 1120 3629 et

64 3671 229 3731 accurate,
251 3655 335 3736 quod
349 3676 406 3714 nos
420 3676 466 3714 res
478 3668 508 3714 et
521 3675 592 3714 usus
607 3653 727 3726 docuit,
747 3655 954 3733 comparavit;
973 3653 1118 3716 lectionis

63 3749 254 3810 varietatem
274 3758 430 3804 enotatam
451 3743 592 3804 exhibuit
610 3744 762 3802 Bottarius
781 3741 862 3801 libro
879 3763 970 3823 supra
990 3743 1118 3804 laudato

61 3859 95 3920 p.
115 3836 172 3914 187
186 3852 257 3913 sqq.
263 3877 272 3908 ,
284 3829 369 3891 unde
382 3852 439 3892 nos
454 3833 489 3892 in
503 3853 567 3892 var.
580 3831 648 3890 lect.
661 3830 919 3911 transcripsimus.
932 3831 1037 3912 Neque
1050 3832 1119 3891 Am·

101 3977 145 4047 (ι)
161 3974 219 4026 Ecl.
232 3975 291 4026 VIII
304 3986 330 4026 et
341 3975 390 4036 IX;
404 3975 450 4027 Ge.
464 3977 500 4039 II;
514 3975 571 4027 AEn.
585 3975 623 4041 II,
637 3973 673 4026 Ill
685 3984 711 4030 et
722 3973 753 4022 V.

20 4057 27 4078 ⁸
102 4056 222 4215 (2)7Pag.
235 4052 266 4124 5,
279 4071 325 4125 29,
338 4056 386 4124 41,
398 4056 440 4122 43
474 4053 477 4058 ¹
905 4138 936 4192 28
