2720 4588
254 327 318 404 244
584 313 966 379 conuuuxxaxx

254 445 302 506 illi
315 441 458 504 invadunt
476 440 603 498 Martem
614 435 735 519 clypeis,
750 450 835 519 atque
852 459 908 498 oere
918 459 1040 499 sonoro:
1055 442 1087 498 iu
1106 460 1212 521 pugna
1223 451 1291 499 tau·

253 553 357 600 mrum
370 528 499 610 magistri
511 546 614 585 cessere
620 549 632 598 ;
649 527 680 583 in
696 546 802 605 pugna
814 527 952 586 Heroum
967 526 1113 587 discessere
1123 549 1223 587 omnes
1234 547 1292 585 me-

252 628 307 698 dii,
319 622 498 703 spatiumque
515 613 633 673 dedere:
651 613 694 671 ibi
707 616 837 695 magistri
851 629 972 695 pauent,-
986 614 1038 676 hic
1051 619 1171 676 Latinus
1184 627 1292 696 stupet:

252 718 295 776 ibi
310 730 394 794 pectis
414 707 527 777 metuit,
541 701 677 786 juvencae
694 706 838 776 musteum
857 703 909 764 hic
921 703 1008 780 Itali,
1031 709 1132 780 Troes,
1149 701 1253 766 uiuri
1267 715 1296 762 et

253 803 376 870 Lauinia
388 807 558 857 convertunt
572 791 670 853 oculos
684 814 748 874 prae
763 805 847 853 metu
868 809 1006 857 eventus.

293 907 359 992 7²⁵·
378 906 445 962 Hoc
463 913 580 982 puncto
601 900 763 978 temporis,
780 898 935 974 videlicet,
955 902 1140 982 priusquam
1161 913 1293 978 uterque

250 1002 349 1062 hostis
362 993 481 1074 infligat
489 976 615 1050 lethalia
626 988 768 1064 vulnera,
785 989 946 1048 inducitin
956 990 1035 1050 coelo
1048 993 1159 1050 lovem
1171 1008 1296 1069 aequan·

251 1105 315 1149 tem
327 1102 424 1144 manu
439 1079 556 1146 lances,
570 1078 600 1134 in
618 1077 730 1156 quibus
744 1078 834 1156 ponit
845 1076 909 1135 fata
921 1077 1024 1138 AEneae
1039 1092 1069 1137 et
1077 1079 1173 1137 Turni
1184 1122 1192 1151 ,
1203 1089 1238 1136 ut
1249 1075 1296 1132 vi-

250 1177 321 1236 d'eat
334 1191 417 1252 quern
430 1165 548 1225 άαιηηεὶ
565 1161 658 1234 labor,
674 1163 703 1221 id
717 1178 776 1237 est,
788 1185 807 1220 a
820 1185 877 1243 quo
881 1164 996 1244 fnestra
1012 1162 1094 1223 labor
1105 1165 1294 1245 suscipiatur3

249 1261 336 1348 quod
351 1255 491 1318 scholion
503 1252 647 1332 Scaligeri
663 1265 722 1326 est,
735 1265 765 1311 et
783 1250 1010 1332 praeierendum
1027 1254 1182 1311 Servianis
1200 1249 1296 1332 expli·

250 1348 445 1414 rationibus:
463 1356 490 1402 et
507 1341 632 1423 quidem
649 1355 741 1421 poeta
753 1361 817 1400 sese
831 1341 987 1421 explicans
1005 1341 1105 1416 addit,
1116 1355 1145 1400 et
1158 1362 1219 1422 quo
1233 1360 1294 1399 uer·

248 1436 435 1525 perpendere
447 1429 564 1491 lethum.
578 1428 657 1487 Vide
671 1443 760 1489 notas
774 1429 835 1489 vol.
851 1431 902 1503 IV,
915 1450 945 1510 p.
958 1428 1025 1490 363.

290 1544 358 1625 728.
373 1539 499 1614 Quaerat
518 1532 646 1612 aliquis,
666 1553 720 1591 cur
739 1545 831 1612 pocta
853 1553 919 1592 non
937 1531 1064 1610 dixerit,
1084 1535 1195 1593 Jovem
1213 1531 1295 1592 velle

250 1628 440 1696 examinare,
454 1621 523 1701 quis
537 1618 619 1677 bello
633 1617 758 1677 futurus
773 1620 885 1678 melior
898 1633 928 1679 et
939 1623 1039 1680 victor
1052 1645 1058 1679 :
1073 1620 1138 1696 sed,
1156 1623 1227 1702 quis
1244 1621 1296 1679 de·

248 1718 355 1787 terior,
374 1725 404 1769 et
418 1711 530 1780 vietus,
550 1726 585 1762 ac
600 1704 795 1764 frustrandus
809 1704 936 1765 labore?
948 1708 995 1765 En
1013 1709 1112 1767 ratio:
1132 1709 1295 1789 positurus

247 1805 339 1862 initio
349 1802 489 1857 Turnum
506 1791 719 1851 frustrandum
730 1791 852 1869 labore,
865 1794 964 1854 voluit
978 1797 1096 1856 vicinas
1108 1817 1154 1855 res
1166 1793 1296 1874 conjun-

249 1912 319 1974 gere
335 1912 341 1947 :
358 1887 445 1967 quasi
461 1883 559 1956 dicat,
572 1883 722 1962 imposuit
734 1885 878 1964 Juppiter
888 1883 1029 1944 lancibus
1045 1888 1207 1967 utriusque
1216 1885 1281 1944 fata
1287 1929 1296 1957 ‚

248 1995 284 2041 ut
301 1983 388 2038 sciret
400 1993 494 2053 quem
513 1971 602 2030 labor
619 1969 797 2046 damnaret,
816 1985 846 2032 et
864 1973 1030 2034 damnatus
1048 1978 1151 2035 statim
1168 1978 1294 2035 Turnus

249 2085 309 2144 est,
321 2067 500 2142 frustraque
513 2061 551 2121 ab
566 2082 602 2120 eo
617 2075 757 2142 suscepta
772 2082 866 2142 opera
881 2065 913 2122 in
929 2065 1056 2124 AEnean.
1067 2067 1149 2146 Ergo
1162 2065 1221 2138 ait,
1235 2079 1294 2123 sta-

247 2164 302 2218 tim
317 2159 457 2216 Turnum
473 2152 674 2212 insurrexisse
685 2163 751 2211 toto
771 2173 902 2234 corpore
916 2155 948 2212 in
963 2175 1083 2230 ensem,
1098 2156 1294 2238 percussisse-

249 2268 309 2329 que
329 2244 460 2315 AEnean,
476 2239 661 2299 exclamasse
673 2236 839 2319 Trojanos,
854 2244 982 2302 Latinos
1001 2245 1160 2318 timuisse,
1172 2256 1291 2302 utram-

249 2355 308 2416 que
321 2333 417 2391 aciem
433 2349 463 2388 se
479 2331 623 2388 arrexisse
635 2351 641 2386 :
655 2330 688 2386 in
703 2325 757 2387 illo
771 2349 844 2388 vero
857 2329 937 2390 illati
950 2331 1029 2391 ictus
1042 2330 1169 2405 ardore,
1183 2349 1289 2389 ensem

246 2423 396 2493 fractum,
409 2431 443 2475 ut
456 2429 520 2475 erat
533 2415 670 2497 perfidus
686 2429 717 2475 et
728 2437 839 2498 parum
855 2418 1018 2499 probatus,
1031 2439 1065 2478 ac
1083 2419 1154 2478 loco
1173 2417 1287 2499 gladii,

247 2532 310 2594 quo
322 2531 353 2569 se
365 2509 457 2566 sensit
467 2505 583 2579 deseri,
594 2504 702 2586 fugam
713 2506 821 2568 fuisse:
833 2510 937 2589 itaque
951 2531 1009 2590 pro
1020 2512 1113 2570 armis
1124 2509 1184 2568 fuit
1194 2507 1287 2588 fuga:

246 2600 360 2659 etenim
373 2596 457 2676 sugit
467 2614 555 2673 ocyor
568 2595 665 2666 Euro,
687 2605 722 2652 ut
736 2595 816 2655 vidit
832 2617 862 2656 se
877 2599 1045 2671 inermem
1067 2619 1101 2656 ac
1115 2617 1208 2656 suum
1225 2615 1290 2655 non

247 2705 311 2746 esse
334 2683 490 2763 gladium,
507 2701 569 2759 quo
588 2701 651 2739 rem
674 2681 809 2761 gerebat.
831 2684 976 2766 Expende
997 2685 1048 2746 hic
1065 2699 1220 2768 quatuor:
1236 2704 1291 2744 cur

237 2773 351 2832 'Turno
376 2768 468 2827 datur
492 2768 570 2827 ordo
592 2769 713 2848 primus
734 2769 887 2846 feriendi,
905 2775 957 2853 qui
981 2771 1146 2833 videbatur
1166 2769 1290 2832 dandus

245 2863 347 2922 AEneae
367 2857 508 2918 fortiori?
531 2861 604 2939 quia
627 2860 669 2918 ita
693 2861 842 2940 explicata
861 2863 991 2923 audacia
1009 2863 1200 2945 juventutis,
1221 2883 1289 2944 quae

243 2962 320 3013 'aetas
341 2948 454 3031 cupida
470 2961 513 3007 est
535 2952 771 3008 ostentationis:
793 2949 919 3027 deinde,
939 2975 994 3022 cur
1016 2953 1054 3013 ad
1076 2957 1170 3014 ictum
1191 2954 1288 3012 Turni

244 3037 358 3120 trepidi
376 3049 449 3097 sunt
468 3037 586 3109 Latini,
607 3037 661 3114 qui
681 3037 868 3098 videbantur
885 3040 1039 3100 laetaturi?
1057 3044 1128 3122 quia
1144 3039 1207 3101 hoc
1222 3042 1287 3122 ipso

242 3131 418 3188 timuerunt
428 3145 529 3185 acrem
541 3125 618 3183 ictus
627 3126 730 3209 ¹vicem
740 3171 748 3200 ,
759 3142 790 3187 et
801 3129 964 3190 audaciam
975 3131 1061 3191 illam
1073 3151 1136 3189 uun
1147 3131 1285 3192 futuram

244 3219 394 3297 impune:
417 3215 524 3287 tertio,
547 3233 603 3271 cur
629 3213 791 3275 inducitur
812 3221 891 3278 ensis
913 3220 1043 3294 fruetus3
1062 3219 1186 3278 videtur
1205 3221 1285 3278 enim

243 3305 305 3366 hoc
318 3319 424 3363 contra
436 3307 537 3363 AEneae
552 3303 704 3382 gloriam?
717 3308 830 3383 immo,
843 3301 901 3389 pro
915 3309 982 3386 illa,
994 3325 1029 3370 ut
1044 3309 1190 3370 videlicet
1202 3309 1285 3370 locus

243 3393 336 3452 detur
344 3392 523 3451 resumendi
535 3393 666 3451 Vulcani
679 3394 748 3469 teli,
762 3395 845 3476 quod
857 3399 979 3456 Turnus
992 3419 1116 3478 quoque
1135 3397 1284 3468 habebat,

242 3493 272 3538 et
284 3480 330 3536 ita
348 3479 435 3556 paria
454 3491 551 3536 essent
571 3499 676 3538 arma:
698 3496 822 3559 quarto,
842 3503 898 3555 cur¹
915 3486 1037 3544 Turnus
1057 3483 1193 3544 elabitur
1213 3484 1284 3564 luga

241 3567 410 3650 praecipiti,
429 3587 484 3625 nec
502 3567 590 3626 locus
610 3568 703 3628 datur
714 3571 814 3628 AEneae
831 3571 867 3629 ad
889 3572 1085 3632 feriendum?
1097 3573 1283 3632 consultissi-

241 3675 306 3728 me,
320 3667 352 3710 ut
364 3673 447 3711 mors
461 3655 556 3713 Turni
573 3655 736 3716 differatur
750 3659 786 3717 ad
804 3660 875 3716 libri
892 3663 1005 3720 exitum
1017 3707 1024 3736 ,
1038 3661 1281 3742 adhibeaturque

241 3743 378 3819 reliquus
397 3743 526 3820 tragirus
544 3762 725 3825 apparatus,
740 3749 794 3827 qui
808 3762 944 3828 superest
958 3773 965 3808 :
980 3772 1052 3810 nam
1067 3745 1091 3808 si
1106 3751 1216 3808 AEneas
1229 3763 1283 3806 sta·

240 3831 298 3888 tim
317 3825 435 3900 feriret,
450 3827 581 3904 bellum,
603 3847 639 3890 ut
650 3848 716 3892 erat
738 3848 845 3912 potens
865 3839 991 3913 virtute,
1012 3837 1199 3910 absolveret;
1219 3853 1279 3892 non

235 3920 321 3977 enim
336 3929 413 3974 esset
428 3937 462 3974 ex
475 3917 586 3979 decoro
605 3923 703 3982 AEnoae
716 3925 812 3982 ictum
833 3924 961 3985 alterum
979 3927 1017 3986 ab
1037 3949 1073 3986 eo
1093 3937 1275 4007 exspectare.
1348 3927 1349 3998 ᾗ

237 4005 300 4080 Qui
314 4015 425 4084 putant
437 4004 495 4062 ista
508 4005 545 4068 ad
562 4007 800 4088 explicationem
814 4016 920 4094 magni
935 4017 1021 4075 Vatis
1033 4036 1098 4076 non
1112 4013 1277 4096 pertinere,
1348 4003 1349 4077 l
