2726 4592
279 316 341 400 294
590 311 686 374 rm.
711 313 780 374 cu.
804 311 994 375 nouam

274 447 339 508 tur,
351 431 446 514 quum
460 437 559 516 ipsam
579 437 622 494 sic
640 449 801 515 praestruat
815 438 893 516 ipse,
908 435 1030 511 dicens,
1048 434 1181 512 Sicelides
1201 436 1307 501 Musoei

273 519 375 600 paullo
390 519 501 605 majora
511 543 668 581 canamus:
685 535 713 580 et
728 521 810 580 idem
823 524 966 584 similiter
978 527 1009 582 in
1020 524 1086 584 aliis
1096 521 1215 584 duabus
1226 520 1306 579 facit.
1354 573 1355 610 ἦ

223 629 257 683 99
275 607 356 666 Illud
371 610 540 668 tenendum
556 629 620 668 esse
632 609 827 689 praedicimus
840 612 873 668 in
891 612 1044 671 Bucolicis
1056 613 1195 692 Virgilii,
1209 623 1307 686 neque
1343 623 1355 677 ,t

276 715 444 777 nusquam,
457 720 556 780 neque
564 697 680 780 ubique
693 699 810 780 aliquid
826 700 956 780 figurate
966 701 1044 776 dici,
1058 700 1117 761 hoc
1134 715 1190 776 est,
1204 717 1257 780 per
1272 691 1309 752 al·
1354 677 1355 738 l

275 783 425 866 legoniam
438 812 444 847 :
459 792 508 848 vix
526 793 606 849 enim
620 803 749 872 propter
760 789 884 849 laudem
898 793 1025 851 Caesaris
1041 807 1070 851 et
1084 793 1208 852 amissos
1223 801 1310 866 agros

274 869 340 931 haec
348 875 478 955 Virgilio
493 877 719 950 conceduntur3
733 875 1029 957 quum'l'heocritus,
1043 899 1136 960 quem
1145 877 1195 936 hic
1207 885 1311 934 noster
1354 867 1355 938 l

275 973 342 1020 toto
356 965 460 1024 studio
476 967 590 1024 imitari
600 978 744 1038 conatur,
757 965 937 1046 simpliciter
947 968 1077 1026 omuino
1088 960 1311 1044 conscripserit.

209 1069 258 1104 100
314 1049 421 1112 XXIV.
437 1051 529 1130 Quod
547 1067 650 1112 autem
666 1053 775 1132 inipso
789 1054 924 1112 carmine
939 1056 1060 1112 tractari
1078 1053 1172 1128 solet,
1191 1061 1237 1110 est
1255 1068 1309 1106 nu·
1354 1065 1355 1084 t

210 1156 254 1194 101
276 1155 383 1211 merus,
399 1139 482 1211 ordo,
497 1139 670 1220 explanatio.
686 1141 834 1198 Numerus
847 1138 1030 1218 Eclogarum
1051 1139 1234 1198 manifestus
1253 1147 1310 1194 est:

274 1241 349 1282 nam
368 1225 473 1286 decem
489 1241 578 1286 sunt:
594 1222 759 1305 exquibus
777 1227 904 1306 proprie
924 1225 1076 1284 Bucolicae
1094 1225 1151 1283 Vll
1170 1243 1237 1284 esse
1251 1241 1312 1280 cre·
1354 1241 1355 1244 ¹

277 1309 417 1372 duntur:
433 1331 492 1375 tres
508 1318 589 1374 enim
605 1313 723 1373 ultimae
738 1315 865 1395 proprie
874 1314 1022 1374 Bucolicae
1038 1313 1098 1373 dici
1111 1335 1177 1373 non
1190 1312 1316 1380 debent,

275 1400 377 1462 Pollio
394 1406 523 1480 scilicet,
538 1405 674 1480 Silenus,
688 1420 718 1463 et
731 1403 850 1463 Gallus.
866 1405 970 1463 Prima
982 1405 1077 1484 igitur
1088 1405 1234 1462 continet
1246 1421 1315 1460 con·
1354 1455 1355 1480 ,

275 1495 468 1570 questionem
482 1495 638 1575 publicam
648 1540 656 1570 ,
667 1508 696 1553 et
704 1495 856 1576 privatam
866 1492 1165 1574 congratulationem
1179 1491 1219 1551 de
1232 1510 1314 1574 agro,
1354 1491 1355 1536 ἶ

275 1595 305 1638 et
323 1581 438 1640 dicitur
453 1587 586 1666 Tityrus.
602 1584 744 1642 Secunda
759 1603 897 1642 amorem
912 1585 1015 1664 pueri,
1030 1595 1058 1642 et
1077 1582 1190 1642 dicitur
1205 1581 1313 1641 Alexis.

273 1668 375 1727 Tertia
390 1685 544 1730 certamen
559 1685 733 1752 pastorum,
752 1685 780 1730 et
790 1670 903 1729 dicitur
914 1671 1073 1730 Palemon.
1085 1669 1204 1746 Quarta
1217 1669 1315 1727 Gene-
1354 1661 1355 1678 ¹

275 1752 441 1831 thliacum,
463 1771 492 1814 et
517 1759 631 1816 dicitur
653 1755 764 1816 Pollio.
785 1757 901 1832 Quinta
916 1757 1129 1838 epitaphium,
1147 1769 1177 1815 et
1203 1755 1317 1814 dicitur
1354 1777 1355 1836 y

273 1841 427 1920 Daphnis.
444 1847 531 1903 Sexta
545 1843 826 1925 metamorphosin,
840 1859 870 1904 et
885 1845 1001 1904 dicitur
1013 1847 1130 1919 Varus,
1146 1859 1177 1904 et
1189 1841 1317 1904 Silenus.

274 1929 410 2008 Septima
437 1953 556 1992 amores
578 1933 773 1994 diversorum
799 1953 945 2009 sexuum,
972 1947 1002 1993 et
1022 1933 1136 1993 dicitur
1160 1931 1317 2016 Corydon.

274 2019 390 2077 Octava
418 2019 688 2098 Pharmaceutria,
713 2037 743 2082 et
766 2015 880 2082 dicitur
905 2023 1038 2082 Damon.
1065 2024 1152 2080 Nona
1178 2023 1318 2080 continet

274 2103 373 2186 poetic
385 2112 636 2188 conquestionem
653 2109 690 2170 de
703 2114 816 2171 amisso
828 2132 917 2191 agro,
933 2125 962 2170 et
974 2111 1088 2178 dicitur
1099 2109 1215 2168 Moeris.
1229 2109 1317 2166 Deci-

210 2215 256 2252 102
276 2215 326 2252 ma
350 2195 537 2254 desiderium
559 2197 658 2270 Galli,
681 2213 710 2255 et
732 2197 844 2258 dicitur
863 2197 982 2256 Gallus
1007 2193 1100 2272 Quod
1126 2195 1165 2254 ad
1188 2195 1317 2254 ordinem

276 2296 410 2361 spectat,
433 2279 508 2340 illud
533 2285 607 2342 scire
633 2283 796 2356 dehemus,
822 2286 855 2343 iu
880 2285 982 2364 prima
1008 2297 1129 2342 tantum
1155 2295 1186 2340 et
1212 2279 1321 2338 ultima

276 2368 391 2449 Ecloga
411 2384 535 2450 poetam
555 2369 691 2430 voluisse
704 2372 845 2430 ordinem
862 2392 994 2443 servare3
1012 2371 1162 2451 quoniam
1180 2371 1213 2428 in
1227 2369 1321 2428 altera

276 2461 467 2540 principium
480 2463 654 2534 coustituit,
669 2463 745 2522 utin
759 2461 918 2540 Georgicis
931 2461 974 2518 ait
987 2481 993 2516 ι
1012 2460 1148 2538 «Tityre,
1160 2471 1189 2518 te
1204 2459 1319 2540 patulae

277 2551 373 2606 cecini
383 2549 445 2608 sub
461 2553 595 2630 tegmine
605 2551 670 2629 fagi
681 2576 694 2605 s
709 2573 715 2609 ι
730 2555 762 2608 in
774 2549 866 2608 altera
878 2547 1012 2607 ostendit
1023 2545 1128 2621 finem,
1140 2549 1257 2628 quippe
1268 2547 1319 2626 qui

278 2635 378 2708 dicat,
394 2639 595 2696 «Extremum
610 2635 756 2696 Arethusa
773 2635 850 2695 mihi
865 2635 997 2696 concede
1013 2635 1185 2695 lahorem„
1204 2637 1319 2695 Verum
1354 2627 1355 2646 l

277 2722 359 2782 inter
383 2724 464 2803 ipsas
490 2723 642 2804 EclogaS,
668 2723 854 2804 pastoralem
883 2723 1152 2803 conscriptumque
1179 2722 1320 2780 ordinem

276 2807 402 2868 nullum
423 2833 485 2870 csse
504 2814 710 2872 certissimum
731 2827 794 2872 est:
814 2810 866 2870 sed
890 2825 963 2870 sunt
986 2811 1040 2890 qui
1065 2808 1174 2869 dicant
1194 2810 1319 2867 initium

277 2899 413 2958 Bucolici
425 2904 572 2963 carminis
582 2923 648 2964 uon
663 2905 759 2982 Tityre
774 2921 852 2976 esse3
866 2901 919 2960 sed
928 2901 1030 2960 Prima
1040 2899 1191 2980 Syracosio
1200 2897 1318 2978 dignata

277 3003 318 3048 est
334 2987 429 3058 ludere
440 3011 529 3050 versu.

212 3079 259 3128 103
316 3069 408 3128 XXV.
428 3073 570 3150 Superest
583 3069 766 3152 explanatio:
785 3070 823 3129 ad
841 3091 934 3152 quam
952 3081 1119 3146 antequam
1137 3068 1313 3139 veniamus,

276 3155 354 3214 illud
371 3157 516 3233 dixerim,
532 3165 624 3220 tenue
644 3179 708 3218 esse
726 3157 906 3218 Bucolicum
925 3175 1062 3229 carmen,
1077 3168 1105 3214 et
1123 3175 1222 3234 usque
1240 3152 1314 3213 adeo

278 3243 316 3302 ab
330 3242 454 3306 heroico
466 3243 638 3310 charactere
650 3247 779 3322 distare,
792 3261 827 3307 ut
842 3265 947 3306 versus
960 3263 1083 3326 quoque
1099 3239 1194 3322 hujus
1207 3241 1315 3300 carmi-

311 3437 335 3501 S.
354 3453 399 3504 99.
419 3439 510 3510 Neque
527 3461 668 3514 nusquam
690 3461 772 3516 neque
851 3439 995 3491 Palemon.
1027 3435 1136 3488 Suetou.
1158 3433 1192 3487 de
1216 3435 1307 3486 illustr.

275 3513 381 3582 aliqum
391 3511 513 3569 hocvero
522 3533 598 3573 acute
606 3521 771 3576 dixitGram·
816 3519 960 3572 Gramma.
974 3535 1033 3588 cap.
1048 3515 1080 3573 23
1091 3515 1124 3566 de
1134 3516 1253 3566 Remmi⁰
1263 3517 1310 3564 Pa·

275 3593 396 3645 maticus.
406 3593 506 3648 Eadem
514 3599 540 3648 iu
549 3599 619 3650 Serv.
627 3601 688 3651 loco
696 3601 768 3653 laud.
814 3598 941 3648 laemone:
962 3597 1142 3666 rArrogantia
1159 3595 1210 3644 fuit
1224 3606 1310 3656 tanta,

277 3667 299 3738 i·
313 3687 343 3736 92*
367 3686 412 3735 ¹07
428 3673 481 3728 vid.
495 3673 594 3747 disput.
607 3677 641 3731 ds
655 3679 768 3734 bucolico
796 3715 799 3720 ,
814 3688 867 3727 et...
878 3693 975 3727 nomeu
988 3691 1064 3726 suum
1074 3675 1101 3727 iu
1113 3675 1246 3726 Bucolicis
1257 3691 1310 3723 non

276 3747 397 3798 camina.
812 3765 910 3804 temere
920 3755 1049 3822 positum,
1062 3751 1123 3817 sed,
1138 3756 1309 3826 praesagiente

312 3826 333 3894 §.
348 3841 405 3878 101.
417 3829 506 3884 Prima
519 3832 606 3903 igitur.
619 3835 660 3884 Nc
669 3833 702 3886 hi
715 3837 771 3905 qui·
813 3831 939 3902 Virgilio,
948 3833 1007 3883 fore
1020 3831 1182 3903 quandoque
1193 3834 1307 3883 omnium
1354 3847 1355 3868 t

276 3903 336 3956 dem
357 3905 515 3977 Eologarmu
540 3911 610 3964 tituli
631 3913 770 3969 commode
814 3924 954 3980 poetarum
971 3923 1002 3964 a'c
1017 3924 1172 3984 poematum
1185 3913 1309 3969 Palaetuo·

276 3984 392 4060 expressi
405 3997 474 4044 suut.
814 4007 874 4048 uem
882 3990 1006 4066 judicem.
1019 4015 1030 4045 r
