2720 4588
371 286 423 348 IN
448 283 682 350 AENEIDOS
708 286 801 348 LIB.
825 285 912 351 Xll.
1100 313 1164 379 219

123 409 217 469 Addit
231 407 379 469 omnibus
396 409 519 466 animos
536 429 637 487 augur
649 407 852 484 Tolumnius,
867 412 921 491 qui
936 428 1028 470 omen
1042 409 1115 488 hoc,
1129 427 1164 472 ut

121 518 243 570 verum,
252 498 379 577 accipit,
388 510 418 555 et
428 497 458 554 in
469 495 523 554 illo
535 497 618 558 Deos
626 497 780 576 agnoscit,
791 518 963 580 eorumque
972 501 1165 560 voluntatem

120 584 290 646 lubentem.
312 587 461 646 Praeterea
482 583 562 644 illud
587 586 810 665 interpretatur
828 587 868 645 ad
888 601 1014 668 gustum
1034 588 1166 649 Rutulo-

121 697 207 735 rum:
224 697 299 734 nam
316 673 453 756 aquilam
472 673 549 733 dicit
563 694 627 733 esse
638 675 756 734 AEnean
771 675 879 735 Italica
895 677 987 738 litora
1002 677 1165 738 devastan-

30 763 31 784 ¹
121 775 200 835 tem;
226 762 354 826 litoreas
378 761 535 836 volucres,
554 763 637 842 ipsos
657 761 805 838 Rutulos3
830 784 977 844 cycnum,
1000 767 1165 826 Turnum:

28 904 29 924 ,
121 852 193 914 inde
203 853 275 913 illos
293 853 330 912 ad
347 851 465 912 bellum
488 851 686 928 exhortatur,
705 865 734 911 et
748 854 840 933 Regis
859 855 907 913 sui
927 853 1164 916 defensionem:

28 963 29 968 ¹
120 963 191 1002 nam
211 941 480 1023 quemadmodum
497 942 604 1024 aquila
622 942 702 1022 fugit
716 944 841 1023 penitus
859 945 893 1002 in
907 945 1033 1021 nubila,
1058 946 1166 1006 relicto

27 1029 28 1050 l
121 1052 218 1112 cycno
232 1055 238 1090 :
253 1033 297 1092 ita
309 1031 363 1092 ille
376 1034 500 1114 penitus
515 1031 644 1090 daturus
658 1029 725 1090 vela
735 1075 743 1105 ,
753 1030 864 1092 relicto
874 1035 991 1092 Turno.

159 1123 228 1182 266.
242 1123 313 1182 Non
332 1136 499 1182 contentus
515 1124 636 1181 animos
650 1122 754 1180 verbis
770 1121 944 1198 addidisse,
959 1122 1046 1182 addit
1062 1137 1094 1182 et
1104 1123 1167 1183 fae·

122 1214 175 1283 tis,
187 1226 335 1273 contorta
348 1214 381 1271 in
394 1211 495 1272 hostes
509 1210 614 1287 hasta,
628 1233 691 1292 quo
702 1212 880 1293 disruptum
892 1209 994 1271 foedus
1005 1213 1167 1272 indicaret.

24 1367 25 1370 Ἴ
122 1303 155 1359 Τὸ
169 1321 339 1382 procurrens
353 1299 447 1362 habet
464 1300 609 1360 habitum
626 1302 802 1382 torquentis
815 1299 939 1363 hastam
954 1323 960 1358 :
976 1299 1041 1360 haec
1056 1314 1090 1358 ut
1102 1303 1167 1360 stn'-

124 1387 209 1462 dula,
228 1389 279 1450 dut
299 1392 426 1450 sonitem:
435 1415 446 1463 ,·
464 1403 496 1449 et
514 1392 589 1471 quia
608 1411 672 1467 npn
688 1387 853 1449 frustratus
874 1391 967 1463 ictus,
984 1388 1054 1448 ideo
1073 1402 1168 1448 certa:

123 1477 158 1536 ad
174 1476 256 1537 hanc
269 1481 440 1538 tortionem
459 1479 599 1538 sublatus
618 1480 725 1537 statim
743 1477 876 1551 clamor3
895 1476 1013 1538 turllati
1031 1479 1121 1536 cunei
1140 1491 1170 1536 et

122 1565 205 1646 globi
218 1563 372 1640 militum:
388 1565 574 1626 inflammati
586 1566 624 1625 ad
638 1564 758 1626 bellum
769 1587 889 1627 ornnes.

159 1675 228 1735 270.
239 1655 317 1730 Qua:
331 1667 506 1737 sequuntur
521 1673 616 1713 nemo
631 1657 703 1713 satis
721 1655 864 1734 expediat
873 1699 882 1728 ,
900 1668 930 1714 et
943 1652 1107 1735 expendat.
1120 1653 1167 1712 An

121 1744 287 1822 quicquam
300 1741 500 1823 rpaepedrrpor?
513 1755 606 1800 erant
626 1743 658 1798 in
675 1741 810 1820 Trojana
829 1743 894 1802 acie
908 1741 1018 1802 fratres
1036 1761 1168 1812 novem,

119 1832 219 1891 forma
239 1831 459 1913 pulcherrimi,
479 1830 538 1890 filii
553 1832 677 1913 Gilippi
696 1833 838 1905 Arcadia,
854 1847 883 1892 et
895 1832 1065 1916 Tyrrhenae
1079 1829 1168 1890 femi-

121 1941 181 1996 nae,
195 1942 265 2001 qua:
277 1921 341 1980 fida
353 1943 409 1982 suo
422 1922 505 1995 viro,
521 1920 567 1979 illi
582 1939 782 1981 numerosam
793 1921 932 1982 sobolem
943 1933 1169 2004 procreaverat.

120 2011 200 2092 Ergo
214 2009 377 2070 Tolumuii
393 2010 484 2070 hasta
504 2009 626 2092 perlata
644 2013 677 2070 in
699 2009 802 2072 horum
815 2033 925 2085 unum,
941 2014 996 2092 qui
1016 2011 1125 2070 ceteris
1139 2023 1170 2067 et

116 2099 216 2180 formo
227 2112 259 2158 et
277 2101 369 2158 armis
385 2101 600 2180 praestantior,
615 2099 770 2159 transfixit
788 2098 879 2158 illum
899 2099 939 2157 od
956 2099 1084 2158 medium
1101 2117 1169 2156 cor-

122 2209 197 2268 pus,
215 2190 248 2247 in
264 2191 332 2269 ipsa
345 2187 426 2261 αΙυο,
443 2209 503 2270 qua
519 2201 608 2270 parte
628 2185 738 2248 balteus
758 2190 873 2262 teritur,
898 2202 928 2246 et
940 2209 1045 2248 morsu
1063 2185 1169 2246 fibulae

123 2277 292 2345 innectitur
305 2297 312 2334 ε
326 2274 402 2334 hinc
413 2278 601 2336 transmissa:
614 2288 723 2348 costae,
735 2277 841 2356 etipse
851 2274 1058 2334 moribundus
1068 2291 1171 2332 exten·

125 2379 172 2422 tus
192 2366 353 2424 interram
368 2377 423 2422 est.
443 2364 544 2439 lllud,
567 2361 688 2423 datarum
696 2359 956 2444 juncturusfibulu
968 2360 1092 2434 mordet,
1110 2373 1170 2434 est,

125 2473 183 2533 qua
199 2451 297 2511 fibula
314 2471 421 2512 morsu
429 2451 535 2532 jungit
547 2451 644 2510 latera
654 2449 761 2509 baltei.

161 2563 229 2623 277.
243 2542 371 2617 Quanto
383 2557 475 2623 putas
495 2540 605 2600 dolore
622 2553 651 2600 et
662 2537 775 2598 ardore
787 2548 955 2596 aestuarent
965 2534 1092 2596 fratres?
1104 2555 1171 2614 pars

125 2628 237 2711 pladios
247 2632 411 2711 strinqunt5
427 2651 495 2711 prus
513 2631 674 2710 corripiunt
690 2625 826 2700 esuritio:
844 2639 879 2685 ut
895 2626 1018 2684 eminus
1031 2639 1060 2683 et
1074 2625 1171 2682 comi-

126 2737 184 2776 nus
199 2738 265 2776 rem
280 2732 404 2797 gerant:
417 2732 447 2777 et
458 2731 549 2778 ruunt
560 2719 647 2791 coeci,
663 2718 737 2797 quia
751 2716 906 2776 nonsatis
921 2711 1043 2795 providi
1061 2710 1171 2771 salutis

128 2825 202 2879 suoe,
215 2825 274 2865 nec
287 2808 387 2881 cauti,
403 2807 520 2886 quippe
531 2803 642 2864 ardore
653 2803 793 2864 furentes
804 2801 965 2860 vindictae:
980 2813 1089 2860 eontra
1099 2796 1171 2856 illos
1213 2847 1217 2856 .

126 2893 295 2952 Laurentes
313 2907 521 2973 procurrunt,
542 2905 652 2952 contra
670 2893 840 2950 Laurentes
863 2887 1006 2964 Trojani,
1028 2883 1173 2964 Agillini,

24 3047 27 3056 Ι
127 2980 271 3056 Arcades,
284 2982 494 3062 quibuspiam
507 3002 608 3041 erma:
622 2983 666 3039 ita
675 2992 795 3061 puncto
808 2975 959 3055 temporis
970 2969 1095 3031 turbata
1106 2991 1172 3030 om-

127 3131 626 3205 -ExpediuntquemanusRefertnon
672 3132 708 3182 cit
720 3131 870 3182 Minervam
886 3121 1093 3196 persuadentem
1105 3123 1173 3172 Pan-

129 3211 161 3263 ad
173 3230 306 3286 pugnam,
323 3211 370 3262 sed
387 3209 421 3263 ad
435 3229 546 3282 preces:
564 3231 626 3263 nam
672 3210 753 3274 daro,
773 3221 802 3258 ut
816 3209 889 3276 jacto
907 3205 934 3252 in
950 3199 1102 3252 Menelaum
1117 3199 1171 3250 telo

129 3304 153 3344 et
161 3293 309 3345 Germanus
318 3293 400 3343 refert
410 3289 445 3342 ad
453 3289 520 3341 illud
530 3291 627 3344 Home·
672 3287 783 3358 dissipet
795 3285 901 3338 foedera'
908 3304 913 3332 :
926 3281 971 3333 hic
983 3300 1046 3332 vero
1060 3280 1124 3331 dicit
1134 3282 1174 3352 ip·

128 3376 225 3438 ricum,
243 3369 380 3438 ἀναπτύξω
390 3371 482 3439 χιῒριις,
503 3365 577 3441 duod
588 3375 627 3423 vi·
672 3387 729 3421 sum
752 3381 880 3438 augurem
898 3362 980 3414 telum
1002 3374 1096 3432 sponte
1116 3373 1174 3410 tor-

128 3451 223 3506 delicet
234 3467 287 3518 est,
307 3452 336 3508 εἰς
352 3452 419 3518 rixis
432 3451 584 3518 ι’ξιπλόααι,
599 3452 628 3503 id
673 3451 751 3514 sisse,
762 3459 788 3498 et
800 3443 929 3497 occidisse
939 3459 1021 3493 unum
1033 3440 1065 3492 de
1077 3455 1174 3492 novem

129 3547 180 3599 ert,
192 3534 335 3606 expandere
346 3551 440 3585 manus
450 3533 486 3583 od
494 3551 586 3604 preces.
596 3535 626 3586 C.
672 3525 800 3578 fratribus
812 3547 818 3576 z
837 3523 910 3594 quad
927 3524 1044 3594 partinet
1056 3521 1091 3572 ad
1102 3537 1174 3572 oeco-

128 3615 323 3686 -Primusque
334 3614 496 3666 Tolumnius.
508 3615 570 3664 Non
582 3632 627 3665 so.
672 3607 790 3658 numiam
800 3627 805 3654 t
814 3622 923 3656 neeesse
931 3605 1001 3655 enim
1010 3615 1075 3665 erat,
1083 3613 1113 3650 ut
1120 3603 1174 3652 fra·

129 3695 182 3747 lum
191 3696 298 3762 Rutuli,
314 3695 361 3747 sed
376 3696 455 3748 eriam
469 3693 627 3748 Tolumnius
673 3701 741 3751 tres,
756 3685 850 3736 dolore
863 3703 894 3736 ex
908 3685 986 3735 unius
999 3695 1084 3733 morte
1099 3699 1174 3732 eom·

130 3765 627 3847 augurlrocauguriodeceptusest.D.
673 3769 753 3833 moti,
769 3765 870 3818 bellum
888 3775 1041 3817 moverent:
1062 3763 1085 3812 si
1103 3763 1174 3814 enim

166 3855 224 3907 266.
233 3855 315 3919 Dixit,
326 3854 474 3906 etadversos
480 3853 560 3904 telum
567 3871 630 3904 con·
673 3847 733 3898 vilis
746 3847 842 3918 aliquis
855 3847 988 3911 interiret,
1001 3851 1106 3915 poterat
1117 3843 1174 3910 ejus

131 3935 200 3994 torsit
206 3936 233 3986 in
242 3936 331 3987 hostes
342 3934 468 3986 Horloco
477 3933 510 3984 ab
519 3934 629 3984 Homer:
673 3946 745 3980 mors
758 3928 793 3980 ob
805 3925 913 3980 foederis
930 3926 1086 3997 religionem
1101 3923 1173 3976 torte

130 4017 277 4068 aeconomia
284 4015 409 4067 recessit:
420 4013 465 4065 ille
473 4014 544 4065 enim
552 4010 629 4065 indu·
674 4011 816 4062 contemni.
831 4009 900 4060 Serv.
