2654 4590
246 272 288 350 42
574 274 956 342 COMMENTARIA

246 395 315 472 nia3
327 405 372 472 et,
386 398 584 479 ut-ingressus
595 397 635 460 nd
647 398 757 464 urbem
770 400 824 474 sit,
838 413 949 480 parant
960 399 1055 462 fossas
1066 403 1218 487 implere,
1234 406 1312 466 val·

245 483 311 546 lum
330 485 461 548 vellere:
483 510 522 554 en
540 491 641 571 prima
660 492 748 550 ratio.
769 489 871 552 Altera
888 503 932 550 eet
951 492 1099 570 aliorum,
1120 498 1176 577 qui
1196 500 1313 556 muris

246 573 343 638 scales
355 575 536 654 admovent,
552 592 587 644 ut
596 581 637 642 ito
649 579 767 640 aditum
778 582 954 659 inveniant,
965 588 1130 664 proesentitp
1141 607 1208 668 quo
1221 589 1313 662 rari,

246 675 278 726 et
291 664 396 728 minus
411 665 497 731 densi
509 683 766 751 propugnatores.

287 749 355 832 509·
369 753 414 814 Ab
428 754 569 838 Trojtnis
579 757 694 838 duplex
708 777 832 838 qunque
847 755 1002 832 defensio;
1022 779 1096 832 pam
1107 761 1170 821 tela
1186 763 1313 820 omnis

247 839 400 904 advocant
420 859 527 911 contra
549 847 746 910 ascendentes
767 850 799 908 in
821 869 962 922 murum3
983 852 1085 910 contis
1106 849 1314 926 detrudunt,

248 929 331 992 docti
342 931 406 1014 jam
418 934 588 1001 hoclocere
598 937 777 1020 longissimo
790 936 888 1008 bello,
902 960 965 1020 quo
977 942 1070 1020 pressi
1080 963 1098 1000 ιι
1108 941 1230 1002 Graecis
1244 965 1251 1002 ι
1265 962 1314 1000 en

247 1020 348 1098 prima
362 1023 510 1088 defensio.
524 1026 624 1088 Altera
636 1042 682 1088 est
697 1027 838 1101 illorum,
852 1029 904 1106 qui
917 1029 1084 1088 volvebant
1092 1049 1163 1088 saxa
1174 1029 1216 1088 sd
1230 1047 1314 1109 per-

248 1113 453 1191 rumpendum
464 1117 663 1196 testudinem
675 1138 749 1181 nom
759 1115 824 1177 ltoee
832 1130 877 1176 est
887 1131 959 1180 tectu
968 1121 1054 1178 acies.
1065 1121 1178 1179 Hostes
1188 1131 1313 1178 tumen

249 1195 405 1262 obstinato
416 1217 488 1267 sunt
498 1207 604 1270 animo
615 1205 652 1268 ad
664 1226 733 1266 sora
745 1226 795 1264 orn
801 1206 866 1277 nia,
877 1204 976 1266 donec
985 1204 1111 1287 Trojani
1120 1209 1312 1266 immanem

248 1287 414 1364 quamdam
430 1293 560 1367 molem,
580 1295 677 1354 instar
688 1295 804 1370 ruinoe,
824 1294 1028 1354 devolverent
1042 1296 1076 1355 in
1090 1297 1242 1355 miseros:
1258 1295 1312 1353 ite

248 1391 361 1453 magna
371 1399 440 1457 pars
452 1380 578 1444 illorum
589 1393 682 1442 strata
693 1395 752 1454 est,
762 1395 791 1442 ct
800 1382 937 1442 resoluta
945 1383 1075 1444 testudo.
1085 1384 1187 1464 Igitur
1196 1402 1308 1462 quum

248 1457 327 1524 nihil
345 1467 527 1540 proficerent
540 1491 575 1533 ee
589 1491 636 1546 re,
654 1470 860 1552 oppugnandi
881 1473 959 1532 ratio
977 1483 1168 1532 commutata
1181 1483 1244 1544 est,
1268 1489 1309 1528 ac

246 1561 382 1627 coeptutn
398 1557 462 1633 geri
476 1557 658 1633 missilibus,
670 1571 704 1621 ut
717 1560 760 1620 ita
772 1579 789 1618 e
804 1558 885 1620 vallo
900 1561 1119 1640 proturbarent
1130 1556 1307 1638 Troianos.

246 1633 326 1698 Nota
338 1643 367 1700 τὸ
381 1642 518 1719 audaces,
532 1650 618 1728 quasi
628 1644 693 1728 jam
708 1645 865 1721 fortiores,
878 1661 913 1710 ut
927 1649 981 1729 qui
995 1661 1100 1728 aperto
1113 1647 1216 1706 Marte
1230 1664 1305 1704 rem

247 1734 400 1800 gererent,
413 1752 478 1792 ιιοιι
491 1735 523 1795 in
536 1734 669 1800 tenebris
681 1735 853 1797 testudinis.
1230 1807 1233 1813 ¹

289 1811 356 1874 521.
377 1818 480 1894 Quum
501 1824 595 1904 Epica
612 1824 716 1890 otnnis
732 1837 857 1887 auctore
874 1820 1048 1898 Aristotele,
1063 1831 1184 1884 constet
1200 1819 1304 1880 variis

248 1907 438 1970 successibus
452 1913 602 1993 Tragicis,
624 1911 681 1974 hos
698 1926 790 1994 poeta
809 1913 841 1975 in
861 1911 909 1978 liis
927 1911 1015 1976 libris
1029 1913 1142 1992 passius
1155 1907 1303 1970 inducit:

247 2005 348 2087 nsque
362 1992 422 2055 hoc
433 1999 551 2074 solum,
564 2022 672 2066 verum
685 2021 830 2084 personas
843 2003 924 2082 ipsas
936 2001 975 2063 ad
987 2001 1150 2080 Traginatn
1163 2009 1303 2060 ostente-

246 2085 375 2142 ttonem.
386 2085 469 2170 Ergo
479 2093 650 2156 Mezentius
662 2091 890 2158 honendusaisu
899 2103 1025 2174 propter
1033 2086 1301 2171 magnitudinem,

247 2172 402 2246 quassabat
414 2199 478 2240 non
492 2179 628 2257 hostane,
643 2181 694 2242 secl
709 2185 863 2250 Etruscam
874 2185 978 2264 pinum
985 2226 994 2254 ‚
1010 2180 1204 2246 conformem
1217 2176 1301 2236 moli

246 2265 394 2354 corporis.
406 2269 504 2347 Quid,
518 2271 660 2348 obsecro,
673 2274 771 2353 magis
781 2269 1069 2336 ostentabunduut?
1078 2267 1170 2350 quid,
1183 2267 1208 2330 si
1221 2287 1300 2328 con·

245 2342 358 2412 sederes
377 2352 466 2416 illum
485 2379 581 2422 manu
604 2361 699 2420 altero
720 2360 905 2424 inferentem
924 2361 1005 2440 iqnes
1015 2354 1193 2440 fumiferos?
1208 2351 1298 2413 Nihil

244 2429 303 2496 ¹¹³⁰
316 2460 450 2520 persona
460 2458 657 2532 τραγικώτερον,
671 2463 701 2515 et
714 2447 917 2516 horribilius:
932 2448 1003 2508 vide
1013 2446 1114 2512 adhuc
1124 2459 1154 2506 et
1162 2447 1195 2506 ln
1205 2457 1297 2508 tanto

244 2519 376 2590 horrore
389 2534 648 2612 inanestudium3
661 2537 787 2604 nauide
801 2536 984 2617 imperfecto
998 2533 1167 2616 quassabat,
1183 2546 1212 2594 et
1226 2551 1297 2594 non

245 2623 309 2672 tem
323 2618 442 2697 ignem,
457 2645 550 2704 quarn
566 2627 701 2690 fumum.

247 2792 298 2858 nis,
310 2812 391 2872 quum
400 2800 647 2872 amilitibusalique
655 2804 748 2857 civitat
791 2801 911 2874 gladium
920 2798 1065 2860 inuadunt
1072 2797 1165 2865 lalcis,
1176 2800 1296 2856 el'erseo

248 2872 395 2942 obsidetur,
402 2891 428 2931 et
437 2878 476 2946 fit,
485 2893 514 2930 ut
522 2899 613 2932 murus
624 2884 679 2951 ejus
688 2882 749 2934 sub·
792 2883 927 2935 inventurn
939 2880 1015 2931 rnulti
1025 2878 1158 2932 dixerunt.
1169 2880 1238 2932 Serv.

248 2969 354 3014 tratur:
367 2961 749 3034 uamqueinarmorurngene·
827 2959 886 3030 509.
912 2958 1033 3016 ratonem
1048 2959 1186 3030 effundere
1205 2970 1296 3012 contra

247 3037 322 3094 ribus
338 3038 434 3098 milites
449 3054 557 3100 sumunt
573 3043 607 3098 ab
625 3043 747 3099 animali-
795 3041 878 3102 Omne
892 3058 982 3121 penus.
1004 3041 1130 3110 Proprie:
1151 3037 1202 3094 tela
1222 3040 1294 3093 enini

246 3115 298 3169 bus
310 3119 432 3186 nomina,
449 3133 479 3172 ut
495 3124 573 3178 arios.
593 3121 747 3188 Sallustius,
791 3119 1295 3191 nonjaeiuuturineubjecto,sedfun·

251 3199 304 3248 ⁸1¹¹
320 3197 429 3259 ¹¹1⁰dt¹m
448 3203 522 3262 elicii
537 3201 690 3260 militans·
705 3204 748 3257 ln·
792 3200 907 3257 duntur:
920 3214 947 3256 et
959 3201 1074 3256 dicendo
1092 3201 1199 3254 «Omne
1209 3219 1293 3271 pontu

248 3289 344 3330 ventor
360 3292 448 3340 eutem
465 3272 605 3344 testudinis
619 3284 748 3341 Artemon
792 3282 946 3349 telorum»,
966 3281 1084 3337 ostendit
1103 3279 1185 3336 telum
1202 3283 1293 3334 vocari

248 3356 431 3418 Clazomenius
443 3362 750 3435 fertur,iden1quearie·
792 3381 871 3422 omns
888 3362 961 3434 quod
973 3363 1080 3433 jacitur.
1099 3361 1184 3418 Greci
1195 3357 1292 3421 ιιὲβίιι

249 3439 283 3490 tis
295 3453 416 3512 repertor
428 3441 533 3500 dicitur.
553 3445 634 3503 Scuta
645 3456 748 3518 gestare
793 3441 842 3495 aleo*
854 3444 898 3496 ear?
909 3440 1020 3504 βίιιιιιι
1040 3445 1110 3496 sicut
1121 3440 1213 3496 Latine
1225 3440 1289 3506 tela,

249 3519 360 3578 Curetes
377 3523 458 3593 primi
476 3525 643 3582 invenerunt.
665 3524 750 3579 Galea
794 3521 969 3586 talentu.
980 3521 1291 3594 incubonem-

248 3601 409 3660 Thraeicum
426 3615 531 3676 tegmen
547 3616 596 3658 est.
612 3603 748 3662 inureres
792 3605 948 3678 Effiradere.
961 3604 1023 3659 Plus
1033 3615 1074 3658 ost
1084 3620 1166 3673 quam
1175 3602 1290 3656 mittere:

249 3682 356 3734 Thorax
373 3682 481 3754 quidone
500 3701 545 3736 rex
564 3680 662 3738 dicitnr
677 3685 749 3739 inve·
793 3684 837 3742 ille
857 3687 927 3742 euim
945 3683 1063 3739 effundit
1081 3683 1124 3738 cui
1140 3700 1234 3754 magno
1253 3694 1292 3736 est

249 3765 333 3825 nisse5
350 3763 457 3836 Lycaon
469 3763 552 3818 Arcas
563 3762 750 3836 gladiumlon·
795 3769 888 3838 eopia,
907 3785 956 3822 nec
977 3764 1100 3820 mittendi
1118 3778 1226 3836 proptor
1243 3782 1289 3816 co·

252 3845 326 3916 giore
336 3844 436 3898 lamina
445 3842 600 3916 produxisse
612 3856 749 3906 narraturt
794 3847 867 3918 piam
874 3844 1054 3902 metuitlinenr
1063 3867 1069 3898 :
1078 3846 1288 3918 prseteraeetiato

251 3925 344 3978 Peleus
360 3926 462 3996 primus
479 3923 637 3980 machaeram
654 3923 751 3980 dicitur
796 3927 1007 3999 queemittiuon
1014 3924 1286 4000 possnuufundimus:

252 4005 400 4060 iuvenisse:
412 4005 517 4078 Aspen,
533 4004 627 4072 idest,
640 4024 751 4062 cutmen
797 4019 823 4061 et
835 4009 896 4060 lusa
905 4005 1061 4080 proficiunt,
1073 4019 1104 4059 ut
1117 4017 1156 4058 est
1167 4023 1233 4076 oque
1244 4023 1287 4058 ca-
