2742 4596
508 313 717 378 LAUDES.
1074 316 1139 382 383

131 441 187 499 Est
198 447 345 521 praeterea
354 434 520 517 Virgilius,
532 437 679 516 Elegans,
691 438 835 511 FacetuS,
849 435 1044 518 Ingeniosus.
1059 439 1141 500 Con-

86 527 179 610 junxi
189 526 255 588 lraec
265 529 324 588 tria
333 526 450 608 elogia,
460 528 534 608 quia
545 525 583 585 ad
595 525 831 585 idemv'identur
841 540 988 608 spectare.
1001 529 1141 588 Primum

90 619 232 678 ostendit
250 617 383 694 Quintil.
402 619 455 697 qui
472 615 527 674 lib.
539 617 609 676 VIII
621 615 787 696 Virgilium
804 629 895 676 vocat
912 615 1096 699 elegantem:
1112 632 1143 680 et
1197 660 1199 670 ι

89 707 146 766 lib.
157 709 213 783 VI,
226 707 303 768 illud
316 709 437 767 Horatii
449 708 510 766 Sat.
525 728 570 792 ro,
580 706 636 766 lib.
648 709 672 781 I,
686 733 701 762 ιι
711 706 807 766 molle
817 721 916 789 atque
926 706 1062 768 facetum
1074 710 1143 770 Vir-

90 798 170 878 gilio
180 823 194 854 ιι
215 799 349 880 explicat
364 798 402 858 de
417 798 541 858 exculta
558 798 731 879 elegantia,
750 819 844 879 quam
856 789 945 857 'vates
959 797 1087 858 habuit:
1102 802 1142 860 si·

91 900 149 946 cut
161 887 213 946 ille
222 887 334 947 Tullii:
347 913 361 945 ιι
372 909 420 948 nae
430 887 477 946 illi
489 899 561 947 sunt
572 887 666 968 pedes
679 885 784 961 faceti,
794 907 829 946 ac
839 887 956 947 deliciis
968 888 1144 967 ingredien÷

90 979 117 1036 ti
133 975 279 1037 molles.»
296 977 393 1058 Agell.
408 977 462 1036 lib.
476 980 530 1036 XX
546 977 815 1057 «elegantissimus
831 989 919 1058 poeta
931 999 937 1034 :
949 1003 963 1032 ιι
980 979 1018 1036 Et
1032 975 1086 1036 lib.
1100 979 1143 1053 X,

92 1064 149 1124 dat
162 1064 210 1123 illi
225 1064 373 1125 adverbia
388 1090 402 1121 ιι
413 1066 586 1142 scitissime,
602 1065 838 1146 elegantissime.
849 1091 862 1121 ιι
879 1065 1016 1124 Macrob.
1029 1064 1084 1125 lib.
1099 1065 1144 1126 ΠΙ

94 1176 109 1206 ιι
119 1153 218 1232 AEque
233 1153 266 1211 in
282 1151 376 1213 rebus
390 1153 555 1227 doctrinae,
574 1165 604 1213 et
623 1155 656 1212 in
676 1153 775 1213 verbis
795 1165 926 1214 sectator
944 1153 1114 1232 elegantiae.
1127 1177 1141 1210 ιι

91 1237 204 1322 Scalig.
228 1240 496 1322 “Elegantissimae
518 1242 685 1301 locutionis
705 1253 821 1301 auctor.
837 1243 858 1298 ι’
873 1240 1012 1300 Alterum
1033 1241 1143 1300 Horat.

95 1351 110 1380 ιι
121 1327 218 1388 molle
233 1340 327 1410 atque
340 1328 476 1388 facetum
487 1330 624 1410 VirgiIIo
632 1355 646 1386 ιι
667 1332 750 1390 Serv.
765 1331 796 1388 in
813 1329 826 1387 l
841 1329 906 1388 Ecl.
930 1353 944 1383 ιι
956 1329 1078 1388 Poetica
1093 1348 1144 1388 ur-

92 1414 244 1476 banitate.
256 1441 270 1471 ιι
288 1417 426 1476 Macrob.
445 1417 500 1476 lih.
516 1419 577 1476 Ill:
595 1443 608 1474 ιι
618 1420 671 1478 Est
684 1439 750 1478 non
767 1417 870 1478 solnm
888 1417 1015 1490 doctus,
1029 1415 1081 1476 sed
1097 1435 1146 1474 ar·

93 1514 197 1582 gntus.
208 1528 222 1558 ιι
237 1505 295 1562 Hic
309 1503 507 1586 supersedeo,
524 1507 597 1584 quia
612 1505 650 1564 de
664 1505 723 1565 hac
741 1525 774 1564 re
788 1507 861 1564 satis
878 1503 978 1564 multa
992 1505 1026 1562 in
1041 1503 1145 1584 elogio

94 1589 314 1652 Iucunditatis.
326 1593 466 1650 Tertium
478 1590 625 1652 Politian.
639 1595 692 1673 qui
702 1592 829 1676 Virgilii
841 1613 936 1674 opera
952 1605 1044 1652 vocat
1058 1615 1071 1645 ιι
1081 1593 1146 1650 Dae·

95 1678 168 1738 dala
179 1695 383 1742 monumenta
394 1707 425 1756 ιι,
437 1680 471 1740 id
486 1693 544 1757 est,
558 1683 723 1763 ingeniosa
738 1685 772 1742 ,Α
779 1685 924 1744 Vomano
938 1683 971 1741 in
984 1680 1144 1763 epitaphio
1179 1685 1183 1694 '

96 1766 213 1827 dicitur
220 1767 327 1828 nobilis
334 1771 463 1851 ingenim
472 1773 630 1830 aloriano
638 1773 898 1854 artificiosissimus.
907 1775 1072 1852 Ingenium
1081 1769 1147 1850 ejus

96 1856 257 1916 declarant
275 1879 369 1938 opera
388 1857 443 1932 illa
459 1859 635 1934 artificiata,
657 1883 725 1941 quae
743 1859 926 1922 visebantur
942 1860 1091 1942 Neapoli,
1110 1859 1149 1918 dc

96 1945 215 2030 quihus
223 1947 289 2028 jam
310 1969 379 2009 sum
393 1949 514 2008 locutus
535 1951 619 2009 inter
632 1951 733 2030 elogia
750 1953 907 2010 variarum
929 1953 1055 2010 artium.
1075 1951 1148 2009 Ces-

98 2059 135 2098 so
147 2036 215 2112 hic3
228 2059 302 2098 nam
318 2041 462 2121 persequi
474 2041 604 2099 virtutes
622 2061 730 2100 omnes
745 2042 926 2120 Virgilianae
939 2061 1066 2121 poeseos
1077 2037 1151 2115 infi-

97 2128 202 2186 nitum
216 2128 268 2202 sit,
280 2139 310 2187 et
320 2149 447 2210 pergam
458 2140 542 2188 sexto
553 2128 623 2188 loco
637 2129 674 2188 ad
687 2129 802 2208 elogia,
815 2149 884 2208 quae
897 2143 1047 2209 petuntur
1058 2150 1094 2188 ex
1104 2149 1152 2188 va·

96 2216 154 2274 riis
168 2214 325 2276 attributis
339 2217 456 2296 (Graeci
476 2215 613 2298 epitheta
627 2217 755 2294 vocant)
770 2218 885 2296 quibus
900 2231 1039 2279 auctores
1050 2217 1151 2298 Virgi-

97 2299 181 2362 lium
198 2303 342 2364 afficiunt
357 2328 363 2364 :
380 2327 481 2387 neque
505 2326 577 2366 vero
602 2305 708 2364 omnia
728 2303 892 2364 adducam.
912 2307 1023 2364 Posset
1040 2305 1087 2384 (et
1105 2307 1150 2364 ita

98 2404 146 2452 est
157 2397 243 2474 vere)
253 2396 373 2476 integer
385 2395 516 2455 conflari
528 2395 607 2454 liber
620 2415 656 2453 ex
668 2395 741 2453 solis
755 2393 911 2454 attributis
922 2393 1062 2474 Virgilii3
1074 2412 1150 2452 nam

99 2478 185 2540 nihil
199 2495 242 2541 est
252 2495 317 2541 tam
330 2481 517 2564 gloriosum,
532 2481 748 2564 magnificum,
759 2480 924 2557 excellens,
937 2481 1024 2564 quod
1037 2502 1100 2541 non
1114 2483 1150 2564 in

99 2567 193 2626 illum
206 2583 346 2632 auctores
359 2571 522 2632 conferant
533 2593 539 2629 :
553 2569 708 2630 adducam
718 2571 823 2652 itaque
836 2570 1016 2650 insigniora.
1029 2570 1149 2652 incipio

58 2671 60 2678 '
102 2671 207 2720 autem
222 2683 239 2720 a
251 2661 425 2722 dlvinitate.

474 2891 673 2970 CAPUT
701 2893 785 2998 vr„

358 3069 605 3130 ELOGIA'AB
625 3069 895 3130 Attalen-tus.

145 3221 225 3280 Fora
239 3221 386 3280 Divinus:
398 3221 513 3282 usitato
525 3219 609 3302 apud
624 3233 740 3282 veteres
752 3219 890 3293 honore,
903 3217 958 3297 qui
972 3225 1153 3297 praestantes

104 3312 189 3370 viros
201 3309 304 3392 elogio
318 3312 377 3370 isto
392 3308 584 3385 afficiebant,
598 3323 628 3394 et
641 3309 760 3393 majore
772 3309 890 3382 adhuc,
904 3327 978 3366 nam
993 3325 1059 3366 non
1073 3307 1153 3367 divi·

105 3423 165 3463 nos
178 3401 296 3477 solum,
309 3402 362 3462 sed
375 3403 457 3462 Deos
469 3402 634 3462 vocabant.
649 3403 789 3463 Macrob.
805 3399 861 3460 lib.
871 3400 915 3459 V:
932 3421 945 3452 ιι
955 3399 1026 3457 Non
1039 3411 1156 3458 mortae

105 3491 145 3566 li,
168 3489 222 3550 sed
244 3491 352 3550 divino
376 3492 504 3573 ingenio
527 3491 626 3551 Maro.
642 3517 656 3548 ιι
679 3493 803 3550 Jovian.
825 3490 1000 3548 «Romanae
1023 3487 1155 3549 Poeticae

106 3582 220 3641 Deum.
231 3605 245 3636 ιι
257 3581 367 3662 Papin.
383 3605 397 3636 ιι
407 3581 546 3641 divinam
558 3580 686 3640 AEneida
696 3603 704 3654 3
714 3605 728 3636 ιι
743 3589 774 3638 et
788 3591 894 3660 postea
913 3576 1024 3636 eodem
1039 3577 1154 3658 spiritu

106 3671 233 3731 inducit
241 3671 373 3730 verbum
384 3670 482 3731 odora.
493 3673 600 3752 Veget.
615 3669 671 3730 lib.
684 3666 741 3728 IV:
758 3693 772 3723 ιι
782 3668 932 3748 Virgilius
947 3664 1055 3725 divino
1070 3668 1155 3747 inge·
1196 3677 1199 3688 ’

107 3765 175 3824 nio.
185 3787 200 3817 ιι
213 3759 291 3822 Scal.
305 3763 461 3822 «Divinus
473 3775 574 3844 poeta.
586 3762 639 3820 Est
651 3761 684 3820 in
697 3781 734 3820 eo
746 3759 927 3819 divinorum
942 3777 1036 3816 sonus
1048 3775 1156 3815 nume·

107 3869 234 3926 rorum,
252 3862 283 3908 et
301 3847 409 3909 divina
428 3849 567 3931 phrasis3
586 3869 739 3930 nusquam
757 3851 847 3909 Musa
867 3845 1004 3906 Maronis
1023 3844 1156 3905 mortale

107 3941 278 4022 quicquam
289 3939 402 3999 sistatn
411 3938 489 3999 Inde
497 3952 551 4018 est,
559 3951 593 4000 ut
603 3937 735 4020 Scaliger
743 3938 826 3998 idem
833 3935 1006 3996 admiratus
1015 3934 1158 3994 divinita·

107 4045 174 4092 tem
183 4027 405 4110 Virgilianam,
417 4031 546 4112 perinde
559 4043 650 4114 atque
665 4030 825 4112 fastigium
838 4028 947 4111 quovis
958 4024 1099 4086 hnmano
1111 4027 1158 4084 in·
