2704 4582
230 302 289 370 172
554 285 935 354 COMMENTARIA

225 406 411 468 cinctionem
425 411 464 471 ab
474 410 614 486 thorace,
627 412 737 485 ocreis,
748 431 832 484 ense,
844 423 901 468 etc.
917 407 966 466 Ait
971 407 1089 492 furens,
1101 407 1149 467 vel
1163 427 1289 467 amore

225 495 375 569 Laviniae3
389 501 435 559 vel
449 503 521 562 belli
534 505 600 576 iris3
611 514 640 560 et
652 503 795 574 certatim,
807 513 842 559 ut
850 498 915 580 jam
928 500 1050 572 AEneas,
1060 498 1108 556 vel
1122 499 1288 558 festinan-

225 593 333 656 ter,¹ut
352 590 482 669 explicat
500 592 633 650 Servius.
651 589 725 647 Vide
748 607 818 646 vero
839 586 1106 666 distributionem:
1128 586 1291 646 induerat

225 666 401 750 thoracem,
415 679 465 736 cui
479 698 648 758 squammae
660 675 781 748 ahenae3
795 695 913 747 ocreas,
928 695 997 756 quae
1010 695 1125 733 aureae:
1138 695 1206 734 non
1220 694 1290 732 no·

228 756 329 817 minat
343 782 462 839 ocreas,
479 778 640 825 contentus
656 764 766 822 dixisse
781 782 867 835 auro,
889 761 927 820 ad
942 760 1115 820 notandam
1130 761 1289 842 praecipi-

228 845 376 923 tantiam,
392 872 460 930 quae
479 851 576 911 elucet
595 853 688 910 etiam
708 852 740 908 in
761 851 934 908 mutatione
947 863 1139 930 temporum,
1161 869 1241 906 nam
1260 849 1290 904 is

231 927 379 1012 horrebat,
389 939 542 1023 fulqebat,
561 943 613 1022 qui
634 939 805 1012 incluserat,
822 941 996 999 accinxerat.
1014 937 1070 997 Sed
1090 937 1186 998 nudus
1206 950 1289 996 tem·

228 1040 318 1100 pora,
340 1043 377 1087 ut
398 1053 414 1090 a
436 1033 498 1092 suis
519 1045 705 1102 nosceretur,
728 1031 921 1109 acrioresque
942 1029 1136 1107 ingeneraret
1157 1028 1286 1086 irarum

230 1110 382 1176 stimulos
400 1121 446 1179 Sic
460 1133 543 1180 totus
558 1140 667 1179 aureus
682 1139 737 1200 per
752 1137 851 1176 arcem
868 1115 1063 1190 decurrebat,
1080 1115 1132 1174 ubi
1150 1115 1289 1186 Amata,

231 1209 262 1253 et
279 1200 420 1280 Lavinia,
438 1220 472 1268 ut
489 1229 519 1268 se
534 1207 594 1267 illis
612 1218 785 1266 ostentaret.
804 1204 849 1264 lta
867 1224 938 1263 vero
956 1218 1019 1262 erat
1032 1201 1290 1280 exsultabundus,

230 1299 264 1344 ut
285 1291 438 1356 videretur
455 1295 520 1377 jam
542 1297 661 1358 hostem
684 1317 737 1376 spe
756 1297 823 1377 ipsa
843 1295 1037 1375 precepisse,
1060 1306 1089 1352 et
1108 1291 1287 1351 adventum

233 1373 297 1454 ejus
309 1389 514 1448 antevertisse.
1048 1406 1051 1412 ’

183 1543 187 1550 ³
272 1463 340 1550 [191.
355 1473 499 1554 Sequitur
511 1477 702 1556 comparatio
718 1475 806 1554 equi,
822 1475 877 1554 qui
896 1473 950 1531 diu
967 1472 1028 1531 fuit
1044 1473 1075 1531 in
1096 1467 1238 1542 stabula,
1258 1480 1290 1526 et

234 1552 373 1637 abruptis
389 1563 499 1622 vinclis
518 1563 622 1622 evadit
639 1565 672 1620 in
691 1582 835 1641 campum
852 1558 941 1633 liber,
957 1561 1042 1640 itque
1054 1557 1102 1616 vel
1117 1557 1153 1615 ad
1170 1553 1289 1615 libidi-

232 1661 304 1700 nem
326 1647 527 1727 explendam,
550 1651 599 1709 vel
621 1651 659 1708 ad
683 1649 800 1707 flumen
822 1647 948 1706 lavandi
970 1646 1093 1706 studio:
1116 1666 1180 1726 quo
1203 1643 1287 1702 dum

235 1733 347 1805 currit,
362 1748 435 1794 tunc
446 1741 567 1798 emicat:
581 1753 610 1797 et
624 1735 781 1817 explicans
796 1737 872 1815 quid
885 1737 924 1794 sit
936 1738 1054 1807 emicat,
1068 1731 1171 1805 addit,
1178 1733 1291 1814 fremit

235 1823 351 1878 arrectis
359 1821 418 1882 alte
427 1825 597 1899 ceruicibus,
608 1823 752 1896 luxuriat,-
762 1821 949 1905 luduntjuboe
957 1818 1106 1904 percolla,
1117 1841 1168 1902 per
1176 1840 1288 1878 armos.

275 1903 344 1982 4118.
363 1913 453 1972 Nunc
471 1919 608 1995 primum
622 1913 769 1986 Camilla,
790 1928 819 1971 et
836 1915 958 1972 Turnus
976 1914 1008 1971 in
1027 1925 1092 1970 toto
1109 1910 1171 1968 hoc
1190 1929 1289 1990 opere

238 1989 420 2074 occurrunt,
434 2014 463 2059 11
480 2023 644 2081 nunquam
659 1999 781 2060 deinde.
800 2000 827 2058 Ο
843 2004 963 2080 quoties
981 2013 1081 2080 poetae
1100 1998 1153 2057 alii
1171 1999 1229 2056 ista
1245 1996 1288 2054 ad

237 2099 384 2142 nauseam
395 2090 580 2168 repeterent!
592 2092 674 2168 Ergo
687 2089 732 2145 ait
744 2085 910 2146 Camillam
922 2089 1030 2158 Turno
1043 2085 1167 2144 obviam
1181 2103 1290 2143 occur-

237 2169 327 2244 risse3
347 2172 537 2235 descendisse
552 2175 590 2235 ab
605 2196 686 2255 equo
703 2173 742 2232 ad
761 2177 842 2255 ipsas
859 2175 943 2233 urbis
960 2187 1063 2255 portas
1081 2172 1288 2232 salutaturum

237 2257 393 2339 Turnum,
409 2279 444 2323 ut
455 2266 604 2324 exercitus
619 2265 742 2338 ducem3
759 2263 791 2322 id
804 2265 919 2344 pariter
933 2263 1038 2322 fecisse
1050 2277 1146 2322 totam
1160 2259 1224 2342 ejus
1238 2281 1290 2319 co·

239 2341 363 2408 hortem
374 2353 515 2434 exemplo
526 2353 678 2433 Principis
689 2351 823 2410 feminae.
835 2351 869 2408 ln
883 2352 976 2410 verbo
987 2351 1106 2434 defluxit
1114 2352 1156 2408 ait
1165 2349 1288 2407 Servius

239 2441 341 2496 notari
354 2453 450 2499 artem
464 2435 669 2500 descendendi
685 2459 720 2497 ex
735 2459 815 2518 equo
830 2437 953 2498 facilem
966 2453 995 2498 et
1009 2437 1185 2497 militarem.

281 2524 348 2585 502.
368 2529 511 2609 Sequitur
528 2527 667 2588 Camillae
686 2525 871 2608 pollicitatio
891 2526 1005 2600 virilis,
1025 2540 1054 2585 et
1072 2523 1164 2606 plane
1182 2525 1289 2598 fortis,

240 2628 301 2687 qua
315 2617 472 2692 promittit
486 2635 630 2674 ausuram
646 2633 677 2672 se
692 2633 853 2672 occurrere
864 2610 1073 2694 Trojanorum
1087 2629 1212 2687 turmae,
1228 2613 1288 2670 itu·

240 2715 308 2755 ram
323 2697 466 2777 obviam,
481 2716 511 2761 et
528 2705 625 2782 ipsam
640 2699 754 2774 solam,
769 2701 802 2758 in
817 2700 992 2782 Tyrrhenos
1008 2701 1137 2780 equites,
1152 2711 1288 2757 tentatu-

241 2803 307 2844 ram
324 2789 425 2869 prima
444 2790 517 2849 belli
538 2789 692 2870 pericula:
711 2801 880 2870 monetque
894 2791 1050 2860 Turnum,
1065 2801 1101 2845 ut
1117 2788 1182 2867 ipse
1196 2785 1290 2867 pedes

243 2873 281 2932 ad
295 2897 420 2938 murum
433 2877 592 2955 subsistat,
606 2893 780 2939 servaturus
791 2879 910 2936 urbem.
923 2881 958 2937 ln
973 2896 1092 2936 summa
1104 2897 1134 2934 se
1144 2877 1210 2956 ipsa
1224 2873 1290 2933 vult

236 2955 404 3046 'opponere
420 2972 541 3050 integro
558 2969 696 3028 hostium
712 2970 878 3048 equitatui,
892 2973 945 3050 qui
961 2968 1066 3049 vagari
1087 2966 1164 3024 solet
1182 2977 1289 3044 aperto

244 3073 372 3138 campo:
390 3058 547 3142 peditibus
561 3059 628 3117 vult
642 3072 678 3117 ut
689 3061 811 3116 Turnus
825 3061 943 3139 praesit,
959 3060 1013 3140 qui
1028 3056 1128 3117 solent
1142 3054 1291 3134 irruptio·

245 3162 299 3201 nes
312 3147 416 3207 moliri
432 3150 464 3208 in
478 3148 578 3207 urbes.
592 3145 688 3221 lllud,
701 3149 746 3206 sui
757 3149 857 3208 merito
867 3152 891 3207 si
903 3169 962 3230 qua
971 3159 1011 3206 est
1012 3143 1128 3227 fiducia
1130 3144 1206 3226 sorti
1212 3188 1221 3216 ,
1233 3156 1291 3216 est,

245 3230 268 3286 si
284 3236 351 3310 quis
364 3235 458 3298 habet
471 3237 693 3298 confidentiam
708 3257 742 3295 ex
755 3239 943 3298 conscientia
956 3256 1018 3295 suae
1032 3231 1235 3291 fortitudinis.

286 3319 354 3402 507.
374 3323 571 3409 Obstupescit
588 3328 711 3384 Turnus
731 3325 770 3384 ad
790 3328 878 3386 virile
897 3325 1102 3406 promissum3
1122 3319 1191 3397 figit
1206 3321 1239 3376 in
1255 3341 1289 3378 ea

281 3435 342 3505 491.
365 3440 467 3509 Qualis,
486 3445 530 3495 ubi
545 3443 658 3514 abruptis
672 3442 748 3514 fuqit
827 3441 887 3495 500.
900 3439 1016 3492 Desiluit.
1034 3437 1091 3486 1100
1105 3433 1140 3485 ad
1147 3432 1234 3485 Turni
1243 3435 1291 3488 ho-

209 3511 211 3519 ¹
245 3517 368 3590 presepia
381 3521 479 3574 uinclis.
490 3523 525 3574 Et
537 3524 595 3575 haec
607 3542 747 3594 compara·
791 3541 884 3573 norem
896 3521 1027 3571 refertur:
1045 3527 1162 3585 quatuor
1174 3533 1289 3586 namque

247 3596 285 3645 tio
298 3597 406 3650 Homeri
418 3613 458 3650 est
469 3602 580 3653 verbum
590 3601 625 3653 ad
636 3603 748 3654 verbum
792 3615 869 3654 erant
882 3598 954 3670 apud
969 3600 1103 3648 Romanos
1117 3613 1175 3664 quae
1192 3594 1226 3646 ad
1242 3595 1289 3644 110-

249 3676 385 3728 translata.
401 3679 487 3746 Quem
501 3681 590 3733 locum
607 3681 680 3733 lliad.
699 3683 747 3744 vt,
793 3678 985 3731 norilieentiam
1007 3675 1192 3747 pertinebant,
1220 3691 1288 3744 equo

250 3775 311 3807 cum
326 3757 378 3810 hoc
394 3775 532 3832 comparat
543 3763 661 3835 Scaliger
676 3764 709 3827 V,
722 3762 746 3814 3.
793 3759 914 3824 desilire,
931 3769 1012 3828 caput
1025 3757 1143 3827 aperire,
1160 3756 1202 3806 via
1213 3753 1289 3805 dece·

249 3835 317 3888 Vide
330 3850 420 3904 notas,
435 3859 496 3912 pag.
511 3842 575 3908 144,
593 3842 645 3892 vol.
659 3843 709 3893 tv:
724 3855 750 3894 et
795 3835 1290 3908 dere,adsurgere:bo'cetianrpraeco-

253 3915 355 3982 Rollin,
375 3919 464 3972 Traitl
472 3921 515 3974 des
526 3910 636 3986 Etudes,
655 3922 705 3973 val.
720 3923 749 3986 I,
795 3916 1288 3991 nespraeeunteemagistratusclamare

253 3994 321 4047 dela
331 3997 426 4054 lecture
438 3999 586 4067 enomere,
596 4004 633 4068 11,
646 4004 668 4068 S.
683 4004 707 4054 3.
798 4001 963 4054 dicebantur.
979 4000 1048 4052 Seru.
