2720 4588
353 306 406 370 IN
429 303 667 370 AENEIDOS
689 305 782 370 LlB.
806 307 869 372 Xl.
1071 309 1131 398 '187

84 429 203 492 ferrum
218 439 248 492 et
260 428 321 490 tela
335 429 369 488 in
379 427 524 502 dexteris,
538 440 642 488 tamen
652 446 718 488 non
728 431 849 490 sentitis
860 450 917 491 vos
929 447 1047 513 gereret,
1057 451 1132 492 nam

86 523 170 582 irrite
177 518 308 603 ¹geritis,
327 532 358 580 et
372 518 411 578 ad
425 516 550 578 nullum
564 516 727 580 effectum:
750 541 820 601 quae
834 519 936 604 major
949 519 1135 604 stupiditas?

85 608 147 668 Cur
164 609 297 683 inertes,
320 621 413 688 atque
428 603 553 686 ignavi?
570 608 642 686 quia
658 627 675 666 e
693 611 848 670 contrario
864 631 929 670 nou
943 627 1049 693 segnes
1060 611 1138 670 estis

85 696 117 754 in
129 697 302 776 Venerem,
314 708 344 754 et
356 706 507 756 nocturna
521 692 619 768 hella3
636 693 674 754 ad
690 694 765 755 festa
779 695 902 772 Bacchi,
920 697 1079 780 oddapes,
1092 695 1134 756 ad

83 782 213 864 pocula,
231 783 272 844 ad
291 781 399 864 epulas
417 780 575 856 lucorum,
597 781 651 842 ubi
673 783 800 863 pinguis
818 782 920 846 hostia
938 783 1134 860 devoranda,

82 874 252 934 nuntiante
263 873 404 954 aruspice
420 871 556 932 secunda
572 891 636 932 esse
651 887 736 934 satra
747 886 777 934 et
791 895 954 956 prospera:
970 896 1043 935 nrm
1056 887 1135 934 tunc

83 960 214 1022 hilarius
227 961 344 1036 editur,
359 973 389 1020 et
402 959 516 1041 largius
531 959 660 1020 bibitur.

120 1050 193 1132 74¹·
211 1052 332 1114 Eodem
352 1049 476 1126 ardore,
499 1072 562 1133 quo
575 1052 691 1112 milites
705 1050 961 1134 reprehenderat,
982 1073 1013 1113 se
1027 1054 1058 1112 in
1072 1071 1135 1112 ine·

21 1149 22 1152 ’
82 1137 169 1198 dium
182 1162 297 1222 agmen
310 1142 464 1201 concitato
474 1158 556 1222 equo·
569 1139 877 1221 conjiciamon'tarus
887 1145 995 1223 etipse,
1009 1151 1043 1200 ut
1053 1157 1136 1198 mor·

84 1229 127 1286 tui
137 1225 208 1307 jam
221 1228 275 1288 alii
290 1227 428 1303 fuerant,
447 1230 501 1309 qui
516 1231 549 1288 in
564 1227 669 1290 hostes
685 1234 890 1290 incurrerant.
909 1232 1017 1308 ltaque
1029 1225 1134 1286 noluit

19 1391 20 1396 ἵ
83 1331 314 1400 superstesesse
330 1320 410 1380 suis:
430 1317 482 1380 sed
500 1319 589 1378 aliter
605 1319 669 1380 fata
685 1318 876 1400 disposuere,
894 1332 924 1378 et
938 1317 1003 1399 ejus
1015 1319 1132 1375 virtus:

84 1425 157 1466 nam
176 1420 213 1466 ut
233 1421 300 1466 erat
319 1405 429 1466 ardore
447 1403 609 1481 turbidus,
632 1405 754 1466 Venulo
779 1425 810 1466 se
830 1405 993 1466 adversum
1012 1401 1133 1478 intulit,

86 1515 196 1575 quem,
218 1510 339 1576 quanta
365 1496 470 1574 potuit
487 1495 533 1569 vi,
555 1516 636 1576 equo
654 1495 799 1576 diripuit,
822 1495 1001 1577 complexus
1019 1489 1137 1565 valide,

85 1584 306 1665 transtulitque
317 1587 350 1644 in
361 1606 452 1644 suurn
463 1605 592 1664 equum,
603 1587 800 1667 portavitque
809 1585 1050 1667 antegretniurn.
1062 1583 1134 1640 Nes·

17 1685 18 1688 ’
83 1675 128 1738 tio
142 1695 215 1756 quae
229 1674 280 1736 hic
293 1676 367 1736 latet
378 1676 587 1750 concinnitas;
603 1697 675 1736 nam
688 1675 849 1752 Tarchon,
861 1678 915 1756 qui
929 1674 1036 1735 eratin
1050 1671 1135 1730 auxi·

83 1760 131 1822 liis
149 1765 274 1838 AEnese,
288 1762 434 1824 interficit
450 1762 623 1836 Venulum,
648 1764 702 1842 qui
721 1762 874 1843 petiverat
892 1761 1132 1822 aurilia‘contra

84 1849 213 1908 AEneau.

120 1938 191 2020 745.
202 1937 250 1998 Ad
261 1936 650 2018 insolitumspectaculum‚
661 1949 692 1998 et
700 1933 848 1999 virtutem
858 1958 948 2021 poene
957 1938 1040 1998 ultra
1050 1957 1134 1997 mor·

85 2026 192 2102 talem,
213 2025 354 2088 sublatus
371 2025 490 2085 clamor
502 2027 661 2100 omnium3
681 2028 821 2086 conversi
839 2029 1023 2087 Latinorum
1040 2025 1133 2086 oculi.

84 2115 228 2178 Tarchon
242 2119 289 2176 ira
303 2114 440 2177 fervidus
455 2127 522 2176 toto
539 2115 624 2176 volat
639 2137 764 2196 aequore
770 2118 871 2200 ferens
882 2139 968 2176 anno
980 2132 1008 2178 et
1022 2120 1134 2188 virum,

85 2204 114 2263 id
129 2217 188 2280 est,
205 2217 362 2265 armatum
375 2203 488 2264 virum.
501 2205 576 2264 Erat
587 2203 712 2263 Venulo
722 2201 825 2276 hasta,
836 2204 924 2288 cujus
934 2203 1050 2264 ferrum
1061 2205 1135 2264 Tar·

85 2289 167 2350 chon
187 2291 363 2371 diffringit,
383 2303 413 2350 et
427 2309 546 2350 novum
560 2291 745 2371 belligerus
759 2288 895 2350 inchoat.
917 2293 962 2350 Tu
979 2291 1138 2371 expende,

11 2381 12 2428 l
84 2380 174 2460 quale
191 2395 269 2442 esset
286 2379 515 2463 spectaculum,
530 2401 657 2442 cernere
673 2373 834 2440 Venulum
850 2381 933 2440 inter
951 2381 1045 2439 duros
1059 2382 1134 2438 Tar·
1187 2383 1190 2388 ’

11 2499 12 2524 1
85 2467 206 2530 chontis
216 2481 246 2530 et
256 2467 383 2528 hostiles
392 2468 572 2550 complexus
581 2490 589 2541 3
599 2481 628 2528 et
637 2465 722 2528 hunc
733 2466 861 2548 quidem
872 2469 1038 2526 rimantem
1049 2485 1135 2548 aper·

11 2605 12 2616 ,
85 2572 127 2618 tas
139 2559 180 2620 ab
192 2561 288 2620 armis
302 2571 404 2641 partes
418 2557 458 2618 ad
471 2557 669 2618 inferendum
683 2555 798 2618 lethale
813 2556 941 2634 vulnus3
954 2557 1044 2618 illum
1056 2576 1133 2616 con-

85 2663 130 2708 tra
140 2651 590 2733 repugnantem-sustinentem
601 2648 876 2730 dimoventemque
882 2649 922 2708 ab
926 2647 1038 2732 jugulo
1049 2647 1134 2708 illius

87 2737 258 2816 dexteram,
273 2754 303 2800 et
315 2741 380 2800 vim
392 2737 512 2800 viribus
527 2741 703 2800 evitantem.
718 2743 766 2800 An
779 2754 814 2800 tu
828 2742 1135 2823 quicquamrpeynd-

86 2827 173 2907 tepor?

124 2919 192 2996 751.
204 2918 350 2997 Sequitur
361 2919 573 2998 comparatio,
591 2937 685 2998 quarn
697 2937 790 2976 nemo
805 2918 879 2976 satis
893 2913 1058 2998 expendat,
1076 2910 1133 2972 ubi

120 3068 181 3135 736.
193 3067 232 3120 At
244 3087 297 3119 non
310 3069 337 3120 in
352 3071 476 3122 Venerem
491 3089 584 3142 seques.
631 3082 676 3121 cut
688 3087 701 3120 e
713 3068 848 3120 contrario
860 3067 992 3118 Homerus
1001 3058 1075 3127 nim
1087 3081 1133 3112 ιιι-

86 3145 210 3198 Latenter
219 3146 272 3198 hoc
282 3147 360 3212 dicit;
371 3149 508 3201 mulierem
518 3151 587 3222 fugi·
631 3149 689 3214 κὸνς
702 3147 817 3218 Gallice,
827 3144 952 3218 prophete
960 3142 992 3194 de
1003 3139 1131 3194 matheur.

86 3230 129 3290 tis,
149 3228 214 3297 quia
233 3240 335 3280 armata
350 3241 403 3281 est:
425 3228 490 3280 alias
507 3231 586 3298 primi
630 3223 1133 3302 -AruspenProprie3dilleruntenim

86 3303 119 3356 ad
130 3304 204 3358 hunc
216 3309 322 3358 curritis
332 3325 431 3360 sexum.
442 3309 469 3360 S.
478 3309 587 3361 -Νοο-
632 3329 717 3382 augur
736 3321 763 3362 et
781 3325 909 3378 aruspex:
923 3304 971 3356 ille
989 3305 1023 3356 ah
1043 3305 1133 3356 avium

88 3387 297 3459 ternaquehella.
308 3388 409 3456 Qualia
420 3401 482 3441 sunt
492 3407 586 3441 amau·
631 3401 708 3462 gestu
719 3402 746 3442 et
756 3389 857 3462 garritu
869 3386 970 3439 dictus:
984 3385 1030 3437 hio
1042 3384 1076 3438 ab
1089 3387 1136 3436 iu-

87 3468 166 3529 tiurn,
181 3480 209 3520 et
223 3468 315 3538 qualia
328 3471 434 3542 attingit
450 3467 545 3524 Claud.
558 3471 586 3522 in
630 3471 768 3542 spectione
776 3481 878 3521 tantum
887 3465 1043 3520 animalium
1052 3487 1058 3517 ε
1067 3481 1139 3539 ergo·

85 3547 165 3620 Nupt.
174 3549 276 3600 Honor.
286 3561 313 3602 et
319 3551 425 3619 Maria,
436 3549 587 3602 «Tumvic-
630 3553 658 3602 in
668 3552 765 3615 saone,
778 3549 825 3602 ubi
835 3548 940 3615 hostia,
951 3565 1060 3619 amtpex
1070 3549 1138 3598 Vir--

86 3639 127 3679 tor
140 3628 252 3681 muido
273 3630 415 3700 prosilient
433 3643 494 3682 toro
514 3632 588 3682 Noc·
630 3630 754 3703 silianus.
774 3629 889 3695 Ennius,
909 3631 980 3680 Anu.
993 3629 1018 3690 13
1042 3626 1137 3680 edant·
1160 3652 1162 3664 r

86 3712 154 3762 turni
160 3713 283 3764 reterens
290 3711 400 3765 vulnera
407 3712 501 3784 prelii.
512 3735 524 3759 n
536 3711 588 3765 Ga·
631 3724 741 3781 operam
753 3711 874 3780 auspicio
886 3721 913 3761 et
925 3709 1044 3779 augurio.
1056 3730 1068 3754 n

86 3790 140 3843 tull.
153 3791 280 3844 decorita
291 3792 384 3844 lieren.
399 3790 589 3844 «Dulcianon
667 3790 728 3860 7⁵¹·
748 3790 833 3861 thue
844 3788 947 3853 colans,
965 3798 1012 3840 etc.
1027 3787 1131 3860 Aquilo
1216 3797 1223 3812 '

86 3883 166 3922 turne
178 3883 273 3944 portos
282 3871 394 3943 configis
403 3872 472 3922 rixa.
484 3894 496 3918 n
511 3873 538 3924 C.
631 3869 796 3940 comparatio
809 3871 961 3940 aptissima:
981 3879 1011 3920 ut
1021 3869 1092 3920 enirn
1105 3877 1135 3920 et

118 3952 179 4021 739.
195 3948 331 4008 Secundae
345 3967 464 4021 aruspex.
485 3953 534 4002 Pro
547 3969 588 4002 re·
630 3950 719 4021 aquila
735 3962 884 4021 erserpens
901 3947 1040 4000 fortissimi
1054 3959 1136 4008 sonte

84 4031 167 4082 nmda
179 4047 267 4096 sacra,
280 4027 374 4097 idest,
388 4045 532 4102 prosperat
547 4032 587 4082 si·
629 4028 779 4082 itsilli-dno
788 4029 928 4083 iordtsitni
937 4040 1027 4090 erant3
1037 4026 1136 4098 itidem
