2742 4596
491 308 699 400 arunas.
737 289 739 296 ⁴
1053 347 1117 436 339

70 447 162 530 rique
172 448 432 531 frequentissime.
442 450 528 514 Adeo
538 452 591 513 hic
602 474 670 514 mos
680 453 815 535 colendi,
825 473 856 520 et
865 479 954 543 paene
963 462 1119 530 adorandi.

69 537 211 601 Maronis
222 541 337 602 enituit
349 561 415 602 ervo
426 541 597 622 Martialis,
610 555 645 604 ut
656 543 742 606 dicat
753 548 820 629 ipse
834 548 888 612 lib.
901 552 974 630 ΧΗ,
988 557 1044 638 Ep.
1057 557 1095 638 67
1106 567 1120 614 ι’

249 715 326 766 Maiae
337 713 499 767 Mercurium
512 717 620 768 creastis
633 713 701 768 idus.

248 793 374 865 Augustis
386 792 456 846 redit
467 793 556 846 idibus
567 796 663 846 Diana.

249 873 380 927 Octobres
393 877 470 927 Maro
483 877 649 930 consecravit
660 875 728 928 idus.

247 951 310 1006 Idus
323 971 392 1026 saepe
405 954 478 1006 colas
491 967 517 1007 et
527 954 592 1023 has,
605 967 631 1007 et
643 953 717 1022 illas,

249 1031 302 1100 Qui
313 1035 403 1106 magni
415 1032 535 1087 celebras
547 1035 666 1086 Maronis
677 1033 747 1088 idus.

66 1180 180 1243 Parem
189 1184 265 1248 facit
275 1189 433 1252 Mercurio
444 1204 474 1252 et
483 1191 608 1253 Dianae:
620 1215 709 1269 nam,
721 1203 757 1253 ut
769 1192 823 1253 ille
831 1193 952 1254 Maium
961 1214 1117 1273 mensem,

67 1267 124 1330 illa
142 1265 319 1357 Augustum
335 1295 568 1358 consecrarunt,
589 1282 634 1342 ita
649 1281 739 1343 Maro
754 1282 921 1344 Octobrem
936 1305 994 1345 suo
1008 1285 1116 1346 natali.

68 1358 143 1421 Pari
156 1362 255 1446 gloria
267 1367 439 1448 Ausonius,
450 1371 541 1454 Edyl.
554 1373 592 1448 V,
605 1370 661 1448 24:

179 1532 288 1588 Sextiles
300 1539 400 1593 Hecate
411 1542 525 1594 Latonia
535 1540 661 1594 vendicat
671 1541 748 1606 Idust

167 1615 326 1671 *Mercurius
337 1623 422 1674 Maias
435 1640 591 1694 superorum
605 1621 748 1691 adjunctus
759 1622 870 1690 honori,

179 1694 310 1750 Octobres
323 1699 387 1751 olim
398 1703 503 1774 genitus
515 1702 590 1754 Maro
603 1699 711 1754 dedicat
722 1701 794 1756 Idus.

66 1849 156 1928 Jam,
171 1875 235 1935 quo
246 1863 348 1940 pretio
362 1859 488 1924 habitus
500 1862 553 1924 hic
567 1875 653 1925 rates
668 1887 686 1925 a
700 1885 817 1948 magno
832 1865 958 1925 doctore
970 1866 1121 1947 Augusti-r

69 1937 131 1996 no?
148 1939 239 2023 cujus
257 1946 388 2010 lectioni
406 1949 497 2012 illum
515 1951 609 2013 luisse
628 1952 857 2014 deditissimum
877 1953 950 2011 satis
968 1949 1067 2033 liquet
1082 1971 1119 2012 ex

70 2022 154 2088 libro
169 2032 197 2091 ll
217 2034 356 2114 ejusdem
374 2056 482 2102 contra
503 2042 718 2120 Academicos,
739 2058 770 2104 et
785 2043 841 2104 lib.
856 2043 870 2101 1
888 2040 926 2101 de
938 2040 1057 2102 Ordine
1075 2043 1121 2101 ita

69 2115 177 2176 scribit
188 2141 195 2178 ε
208 2125 311 2186 «Ante
321 2147 443 2188 coenam
454 2129 622 2190 dimidium
631 2132 781 2192 volumen
790 2128 915 2210 Virgilii
926 2129 1034 2189 audire
1042 2150 1119 2210 quo·

68 2201 149 2262 tidie
162 2205 275 2270 solitus
288 2233 382 2274 eram.
394 2241 408 2272 rr
423 2217 533 2276 Narrat
543 2215 681 2298 Agellius
691 2215 747 2275 lib.
758 2217 801 2290 11,
816 2215 931 2274 librum
946 2215 1119 2276 secuudum

69 2291 217 2356 AEneidos
229 2314 346 2361 emtum
364 2325 381 2363 a
399 2307 468 2365 viro
485 2305 623 2387 quodam
637 2305 729 2365 docto
743 2305 847 2385 uiginti
861 2305 970 2377 aureis,
992 2304 1070 2364 adeo
1085 2306 1119 2364 in

68 2383 172 2460 pretio
185 2382 237 2446 hic
250 2403 336 2449 vates
350 2389 486 2454 habitus.
505 2393 588 2452 Huic
599 2413 656 2474 par
667 2390 763 2466 illud,
783 2391 938 2471 accepisse
949 2389 1119 2472 Virgilium

69 2471 110 2530 ab
121 2474 253 2536 Octavia
264 2499 323 2560 pro
333 2481 461 2562 singulis
471 2482 612 2542 versibus
623 2481 763 2542 Marcelli
776 2479 856 2540 dena
869 2481 1018 2540 sestertia.
1029 2482 1118 2541 Sum-

69 2579 158 2620 mam
171 2563 297 2625 cunficit
307 2567 438 2630 Budaeus
450 2567 490 2630 de
507 2571 593 2645 Asse,
609 2582 643 2630 ut
654 2588 723 2650 sup.
739 2590 769 2651 p.
781 2569 849 2651 387.
864 2569 1001 2628 Transeo
1014 2565 1054 2628 ab
1068 2569 1118 2630 his

70 2649 166 2712 rebus
178 2653 216 2714 ad
230 2655 323 2716 alias:
338 2657 469 2719 fuerunt
479 2661 637 2741 principes
649 2659 846 2719 versatissimi
861 2659 895 2717 in
909 2656 1042 2720 lectione
1052 2661 1120 2720 Vir·
1235 2655 1238 2666 '

69 2741 269 2824 giliana;hoc
277 2746 360 2805 enirn
368 2749 523 2827 pertinere
532 2745 668 2807 arbitror
675 2747 714 2806 ad
722 2744 907 2821 honores,in
916 2747 1029 2826 quibus
1039 2767 1117 2806 sum.

68 2831 256 2914 Exemplum
271 2836 310 2894 sit
321 2836 402 2896 Nero
419 2835 503 2918 apud
514 2838 713 2912 Suetonium,
733 2834 946 2895 Diocletianus
958 2836 1042 2917 apud
1055 2837 1120 2896 Vo-

68 2923 195 3006 piscum
205 2925 238 2982 in
248 2925 312 2984 rita
322 2927 514 3002 Numeriani,
524 2927 704 2986 Gordianus
715 2923 800 3006 apud
810 2921 1035 3006 Capitolinum.
1045 2927 1063 2985 J
1066 2946 1119 2988 am

68 3032 160 3086 vero,
175 3010 263 3094 cujus
274 3029 375 3095 poetae
384 3014 527 3076 versibus
540 3019 638 3098 magis
648 3015 786 3097 gaudent
795 3015 952 3097 principes
962 3012 1122 3076 illustran-

69 3101 119 3159 dis
136 3101 203 3159 suis
225 3103 451 3177 stemmatibus,
474 3115 504 3162 et
525 3103 714 3186 insignibus,
735 3124 830 3186 quam
847 3099 1043 3182 virgilianis?
1062 3105 1119 3163 Est

67 3189 121 3249 hic
135 3188 237 3250 honos
251 3192 416 3272 peculiaris
430 3191 519 3253 datus
531 3191 675 3274 Virgilio.
687 3191 874 3275 Exemplum
886 3188 980 3271 hujus
993 3193 1036 3251 rei
1047 3193 1117 3253 nul·

67 3278 137 3338 lum
159 3277 311 3355 adhibeo,
330 3283 405 3363 quia
426 3279 488 3341 alio
510 3280 578 3342 loco
600 3279 638 3341 de
658 3279 912 3363 Hieroglyphicis
933 3280 1116 3361 Virgilianis

68 3367 214 3427 laborem
236 3369 374 3429 instituo.
396 3369 565 3432 Absolvam
579 3369 664 3430 hunc
685 3370 791 3432 locum
807 3369 948 3428 recitatis
960 3366 1119 3452 aliquibus

68 3456 190 3536 Elegiis
202 3457 337 3542 Mantum
351 3457 454 3536 urbis,
469 3458 554 3541 quod
564 3461 598 3520 in
608 3480 643 3519 ea
653 3474 745 3518 natus
757 3460 796 3518 sit
805 3457 969 3538 Virgilius,
980 3478 1054 3518 nam
1065 3457 1119 3520 hic

70 3543 174 3604 honos
190 3558 275 3630 tutus
288 3546 444 3608 redundat
455 3551 487 3608 in
502 3563 637 3631 poetam.
650 3549 700 3607 Ait
712 3548 863 3606 Jovianus
878 3543 933 3605 lib.
945 3546 974 3606 11
989 3545 1028 3607 de
1041 3549 1066 3606 F
1067 3570 1117 3608 or·

69 3649 166 3693 tuna:
185 3657 199 3688 u
209 3633 380 3695 illustravit
389 3639 562 3714 Mantuam,
570 3658 624 3697 seu
633 3638 770 3712 viatoris,
778 3656 832 3696 seu
842 3633 930 3716 figuli
940 3633 1038 3712 filius,
1048 3637 1118 3697 Vir-

70 3720 166 3802 gilius
184 3721 285 3782 Maro.
302 3722 365 3783 Cur
383 3740 496 3786 natura
511 3747 576 3786 non
594 3723 656 3784 hoc
676 3725 781 3806 ipsum
797 3725 951 3784 concessit
966 3725 1119 3805 primario

71 3810 191 3870 civium
204 3809 317 3870 alicui?
326 3837 339 3868 n
354 3811 446 3874 Silius
458 3813 514 3875 lib.
526 3814 611 3890 Vlll,
625 3813 700 3892 59²²

179 3969 290 4020 Mantua
301 3970 439 4027 Musarum
451 3973 561 4044 domus,
572 3991 659 4046 usque
671 3971 706 4026 ad
717 3970 803 4026 sidera
816 3984 896 4026 cantu
937 4011 945 4026 .

177 4047 277 4104 Erecta
289 4050 412 4127 Andino,
424 4069 450 4112 et
462 4056 601 4132 Smyrnaeis
613 4055 707 4112 emula
718 4054 836 4129 plectris.
