2742 4596
238 291 940 366 oomomusurnusomc'ns.
1048 305 1109 388 451

523 451 665 470 m

0 577 7 594 ι,
104 537 215 601 XXIV.
233 538 385 600 Codicum
399 539 665 622 Virgilianorum,
684 541 739 621 qui
758 540 890 620 nondum
912 565 979 606 cum
996 550 1116 636 vulpam

61 632 206 710 scriptura
221 631 382 710 comparati
398 630 431 688 in
444 627 642 688 bibliothecis
660 630 773 710 passim
793 629 906 708 latent,
922 635 1115 706 incredibilis

0 764 11 791 .
62 739 216 778 numerus
238 739 255 778 e
277 718 536 782 bibliothecarum
558 717 705 800 catalogis
727 720 927 802 virorumque
948 725 1116 796 doctorum

1 847 14 883 .
61 809 1119 896 commentariisexcitariiacilepossit.Maximamtamenpartemng

10 931 13 968 1
63 899 156 980 digni
166 915 248 974 sunt,
258 902 290 960 in
300 895 1117 996 quibusconferendisbonamhoramperdas.Adpue-
1140 953 1142 958 ·
1169 972 1170 976 ,

5 1041 6 1044 ,
63 989 139 1047 riles
150 992 233 1047 enim
247 1002 278 1048 et
287 987 485 1048 scholasticos
499 1007 572 1046 usus
587 986 725 1066 plerique
739 983 826 1062 fuere
838 991 958 1070 scripti,
972 996 1116 1079 inprimis

2 1127 3 1130 ,
62 1067 1119 1174 Bucolicorumcodices.ltaquenullusomninofructusindeexspec.

1 1203 10 1241 ,
63 1164 181 1224 tandm
198 1167 248 1244 (1).
267 1164 436 1244 Indignum
452 1178 556 1222 autem
573 1163 685 1222 studiis
704 1162 767 1238 his,
786 1165 899 1246 quibus
912 1167 1068 1249 judicium
1087 1195 1118 1244 et

9 1287 13 1324 f
64 1273 178 1330 sensus
191 1255 259 1312 acui
268 1251 420 1330 debebat,
431 1265 572 1332 stupores
586 1250 788 1312 barbarorum
805 1257 1034 1323 monachornm.
1046 1269 1118 1330 reli·
1141 1277 1143 1280 ’

64 1344 159 1423 giose
172 1353 314 1416 enotare,
326 1354 356 1400 et
370 1361 438 1400 non
456 1353 520 1399 tem
539 1341 725 1402 variantium
743 1341 930 1422 lectionum,
947 1371 1042 1430 quam
1055 1379 1119 1417 sor.

1 1446 12 1506 ἦ
64 1431 156 1490 dium
169 1428 433 1490 'monachicarum
452 1429 536 1514 mole
554 1449 620 1487 rern
634 1430 773 1488 criticam
793 1452 922 1496 onerare
940 1430 1118 1527 (olimque

5 1579 6 1582 ,
64 1520 188 1580 nemini
199 1507 289 1578 facile
298 1530 498 1598 auctoreum,
510 1531 545 1576 ut
553 1512 719 1598 Virgiliani
728 1517 846 1580 codicis
857 1527 1035 1589 varietatem
1045 1553 1119 1595 eno-

65 1609 197 1670 tandam
208 1606 266 1667 sibi
277 1621 394 1685 sumat,
404 1609 463 1667 uisi
472 1601 834 1690 anteomniapaucarum
843 1616 1029 1694 paginarum
1038 1639 1124 1686 com-'

5 1753 7 1766 ,
64 1699 231 1782 paratione
243 1694 323 1757 facta
342 1697 534 1771 constiterit,
550 1716 587 1756 ex
602 1695 689 1755 bono
704 1717 757 1756 eos
770 1704 938 1782 exemplari
954 1715 1120 1798 transcrip-

7 1843 9 1855 ,
63 1802 115 1848 tos
127 1806 205 1862 esee3
217 1784 273 1866 etsi
283 1783 406 1864 Virgilii
420 1784 586 1844 lectionem
598 1795 683 1844 nun'c
695 1784 740 1845 itu
751 1790 952 1850 constitutam
965 1815 1029 1858 esse
1041 1801 1123 1860 arbi·

2 1871 4 1884 '
65 1889 150 1950 tror,
169 1889 218 1949 ut,
240 1893 308 1956 quae
327 1875 356 1932 ei
374 1873 450 1931 vitia
472 1871 623 1946 insident,
642 1871 760 1933 nullius
777 1875 893 1936 codicis
914 1879 1031 1944 auxilio
1049 1888 1126 1950 tolli·

5 1989 7 1998 ’
65 1985 160 2048 posse
174 1983 309 2046 sperem3
323 1981 358 2020 ex
371 1962 500 2042 optimis
514 1974 619 2038 autem
632 1961 742 2036 codd„
754 1963 778 2022 si
792 1965 845 2044 qui
861 1965 963 2027 adhuc
978 1971 1060 2033 forte
1071 1995 1121 2035 su-

65 2056 202 2137 pereiut,
213 2055 240 2113 ei
254 2051 416 2112 consulere
430 2071 482 2112 eos
495 2049 635 2127 licuerit,
648 2052 700 2112 vix
713 2053 828 2114 multas
840 2052 990 2120 lectiones
1001 2083 1121 2127 memo·

65 2141 183 2203 rabiles
196 2140 342 2201 noudum
353 2139 433 2199 visas
445 2147 606 2200 enotatum
620 2140 657 2198 iri
673 2141 819 2222 suspicer.
838 2177 841 2198 =
903 2219 904 2224 η
925 2197 930 2205 ,

0 2217 2 2222 ’
106 2233 263 2293 Bottarius
280 2227 313 2288 in
326 2249 420 2311 supra
435 2242 607 2288 memorata
621 2228 705 2308 praef.
718 2229 756 2288 ad
772 2233 895 2312 Fregm.
905 2235 1006 2298 Vatic.
1018 2261 1121 2303 recen-

66 2343 139 2386 sum
151 2321 232 2383 Xhll
246 2317 495 2382 Codicumdedit
505 2318 646 2400 Virgilii,
661 2319 759 2399 quiin
773 2317 963 2383 bibliotheca
976 2328 1008 2387 V
1003 2334 1122 2392 ancona

1 2455 2 2462 κ
66 2410 246 2484 servantur,
256 2426 274 2469 e
284 2407 401 2492 quibus
415 2429 478 2469 non
492 2409 551 2466 uisi
564 2419 625 2466 tres
633 2421 690 2466 eut
704 2420 869 2488 quatuor-‚a
880 2412 954 2471 viris
966 2413 1065 2478 doctis
1076 2423 1123 2481 in·

66 2500 258 2582 spectisunt.
272 2496 364 2579 Apud
377 2496 549 2558 Montlauc.
563 2495 745 2556 Bibliothec.
757 2498 883 2581 Msssp.
898 2504 968 2576 108„
983 2507 1052 2581 152,
1067 2529 1121 2589 ¹9²

67 2589 125 2652 alii
139 2588 197 2648 sub
211 2588 280 2648 aliis
294 2590 434 2648 numeris
447 2587 634 2660 laudentur,
649 2587 704 2666 qui
716 2605 758 2646 an
769 2587 865 2648 iidem
878 2591 953 2666 sint,
967 2613 1032 2654 uon
1049 2617 1123 2660 con.

66 2692 141 2741 stat.
155 2679 193 2738 In
208 2676 398 2738 bibliotheca
412 2675 548 2738 Medioea
559 2675 737 2754 adXXXlll
750 2676 849 2738 Codd.
861 2678 956 2741 latere
970 2701 1006 2742 err
1017 2687 1123 2748 Mont-

66 2766 151 2828 fauc.
165 2763 318 2826 Biblioth.
335 2764 417 2826 MSS.
435 2787 467 2846 p.
483 2766 558 2838 318,
573 2764 632 2843 319
648 2777 791 2846 apparet,
806 2779 942 2846 quorum
961 2789 1124 2836 recensum

1 2897 3 2936 ί
67 2857 289 2929 ἰηεῑίῑιιετε,ἐῑ
300 2856 517 2934 antiquiorum
531 2854 701 2934 specimina
713 2851 864 2933 subjicere
876 2855 1001 2919 volebat
1011 2861 1124 2944 Foggi-

1 2939 2 2948 ¹
68 2949 145 3008 nius
155 2946 188 3003 in
199 2944 297 3004 altero
307 2945 378 3006 Vol.
389 2944 510 3026 Virgilii
523 2944 663 3004 Medicei.
672 2943 744 3008 vid.
756 2943 844 3028 praei.
855 2967 886 3028 p.
896 2947 977 3010 Xlll.
989 2953 1065 3011 Sunt
1077 2956 1124 3014 in·

0 3025 1 3030 ¹
69 3025 190 3096 tereos
210 3031 310 3093 Codd.
331 3031 439 3094 Frano.
459 3031 596 3106 Samet'ti,
616 3031 768 3094 Guidant.
787 3031 956 3108 Adincorii,
976 3035 1030 3096 Ge.
1050 3041 1124 3103 Ant.

71 3118 228 3204 Vespucoii
230 3143 242 3194 ,·
251 3133 324 3181 suut
331 3118 481 3182 nonnulli
490 3119 598 3201 scripti
611 3123 688 3181 alo.
700 3122 855 3206 carpere,
866 3123 940 3183 Cive
950 3125 1125 3190 Ferrarien'·

70 3327 76 3350 .
105 3291 148 3363 (r)
160 3289 230 3342 Vide
239 3308 264 3342 v.
277 3311 301 3344 c.
313 3309 370 3344 var·
380 3289 441 3344 leot.
455 3307 471 3342 e
483 3287 549 3343 cod.
563 3289 727 3344 Dantisceno
739 3310 783 3364 ap.
791 3290 936 3363 Lengnioh.
947 3293 1125 3352 Nachn'cltten

70 3389 122 3426 zur
132 3368 308 3422 Biicber-und
319 3367 504 3438 Miinzlrunde,
517 3361 555 3434 Il,
566 3367 616 3420 Th.
636 3369 711 3438 1783.
790 3403 794 3410 ,

108 3448 150 3522 (a)
162 3449 306 3505 Praeclarus
319 3461 359 3502 est
374 3439 451 3501 locus
467 3445 588 3518 Gbphori
601 3447 716 3500 Plautini
728 3449 831 3520 praefat.
848 3445 950 3502 ad‘luh
965 3451 1096 3520 Caesarem
1109 3475 1127 3510 a

69 3552 102 3586 se
114 3517 233 3583 edituni:
258 3530 345 3598 «Quae
364 3532 435 3583 enim
451 3527 539 3580 finis...
560 3547 700 3600 quousque
719 3518 831 3602 paginas
851 3547 943 3584 omues
963 3533 1127 3592 obsidebunt

71 3611 155 3664 variae
167 3619 195 3662 et
206 3626 281 3662 vanae
296 3626 364 3680 saepe
381 3609 526 3661 lectiones?
537 3635 572 3647 -
586 3609 762 3662 Excuti'untur
776 3609 899 3678 profecto
916 3612 1059 3682 scriptores
1075 3617 1129 3688 ipsi

70 3709 88 3743 e
99 3687 241 3752 manibus,
252 3685 316 3738 dum
329 3687 408 3739 avida
417 3689 543 3757 juventus
557 3687 592 3738 ad
603 3685 660 3738 haec
671 3686 829 3738 diverticula
838 3687 908 3754 abit,
919 3701 945 3741 et
954 3691 1062 3760 mipqye
1074 3698 1127 3746 istu

71 3779 152 3837 curat
161 3764 235 3818 velut
242 3767 325 3834 'lippe
338 3766 427 3832 Quam
439 3766 516 3818 multi
526 3767 581 3836 jam
594 3766 640 3836 qui
654 3765 737 3818 libros
750 3777 855 3818 tautum
868 3765 972 3838 legunt,
993 3781 1022 3820 ut
1034 3789 1126 3825 einen-

70 3849 157 3903 dent?
165 3859 198 3898 ut
208 3839 269 3900 illos
279 3847 403 3910 meliores
414 3849 530 3916 iaciant,
541 3867 597 3900 non
609 3857 638 3898 ut
649 3850 827 3920 eeseiltaque
841 3850 892 3900 toti
906 3851 933 3901 iu
947 3853 1065 3916 voculis,
1079 3869 1126 3908 aut

73 3929 186 4004 syllabis
199 3927 304 4002 aliquot
313 3929 496 3982 examinandis
508 3943 583 3994 sunt3
596 3941 622 3982 et
634 3941 750 4002 segetem
761 3930 836 3986 illem
844 3931 956 3984 uberem
967 3925 1057 3988 rerum
1069 3954 1128 3990 sen·

73 4012 274 4082 tentierumque
284 4011 377 4065 subter
387 4009 503 4082 hubent,
514 4011 599 4086 paleis
605 4011 690 4066 modo
703 4011 787 4066 lectis.
797 4035 810 4062 ι
870 4055 877 4076 „
914 4033 924 4044 ’·
1130 4026 1133 4030 ’

892 4099 897 4112 ’
911 4072 955 4171 ap.
