2706 4596
214 311 278 390 sn
326 293 328 319 ³
576 303 641 368 uu
664 303 895 369 vlnerum

210 429 292 518 cujus
304 424 514 490 emendationes
527 424 726 512 subjiciuntur.
741 427 924 510 Edimburgi
942 429 1024 512 apud
1037 431 1075 492 G.
1091 433 1264 496 Hamilton

212 539 243 587 et
255 527 283 584 J.
298 517 425 582 Batiour
431 555 1097 580 ..................................
1108 543 1154 582 12.
1174 521 1267 608 ¹743·

251 615 296 672 Ex
309 609 429 672 schedis
446 611 510 694 ejus
526 619 556 665 et
575 607 627 680 iis,
646 625 716 686 quae
731 605 770 662 ad
786 607 959 685 marginem
974 605 1047 666 edit.
1061 609 1166 668 Eizev.
1184 611 1267 691 1676
1336 645 1337 650 κ

212 701 374 774 allevem,
392 713 464 782 post
479 699 547 778 ejus
564 707 697 753 mortem
712 692 849 773 vulgata.
866 695 1026 754 variantes
1043 697 1209 756 Lectiones
1223 698 1265 756 ab

211 790 282 850 aliie
297 809 313 848 e
330 786 430 848 Codd.
446 801 584 860 notatas,
603 797 633 843 et
649 781 718 842 edd.
733 795 805 840 vett.
824 778 914 862 1470,
931 780 1022 863 1472,
1045 783 1122 866 1474
1137 798 1168 845 et
1187 783 1267 866 1476

211 891 401 953 excusserat,
411 899 428 938 e
438 877 551 958 quibus
562 893 659 958 pauca
672 886 814 956 excerpta
824 870 875 931 hic
884 872 1018 952 subjecte
1029 888 1103 934 sunt
1115 897 1268 938 unacum

211 963 278 1047 ejus
292 963 489 1046 omniomnis,
505 985 574 1048 quae
588 964 770 1042 importune
785 961 859 1020 setis
872 963 906 1020 iu
918 975 1103 1021 contextum
1116 982 1200 1046 supe
1214 983 1266 1022 re-

211 1069 307 1139 cepte
321 1056 512 1136 sunt(1.)(ts
525 1058 557 1115 Δ.
571 1055 628 1134 G.)

250 1157 286 1215 P.
303 1157 340 1216 V.
353 1157 400 1216 M.
414 1155 511 1238 Opera
523 1143 847 1233 adfidem'cptimorum
863 1148 1001 1210 librorum
1015 1163 1152 1210 accurate
1166 1171 1266 1210 recen-

211 1246 274 1304 sito.
287 1245 427 1326 Gotting.
438 1265 474 1303 ex
489 1241 572 1304 offic.
585 1239 676 1300 Acad.
689 1241 723 1298 Α.
737 1259 798 1300 van
813 1239 874 1298 deu
885 1239 974 1298 Hoek
976 1281 1100 1298 .......
1112 1260 1157 1300 ra.
1176 1237 1266 1322 1743.

252 1345 287 1403 P.
302 1345 338 1405 V.
348 1345 437 1403 Maru
446 1365 482 1402 ex
492 1341 614 1402 editione
624 1341 687 1399 Nic.
699 1339 812 1398 Heinsii
821 1349 848 1398 et
856 1339 892 1397 P.
902 1341 1078 1398 Bumianni.
1089 1339 1100 1417 (
1111 1339 1267 1422 praefatur

212 1435 246 1496 P.
256 1435 452 1494 Burmannus
460 1431 588 1514 junior)
603 1431 696 1492 Amet.
712 1427 795 1511 apud
805 1430 869 1488 Jac.
881 1431 1095 1490 Wctstenium.
1119 1451 1161 1492 ια.
1176 1428 1266 1512 17lilr.

252 1535 288 1592 Ρ.
303 1535 340 1596 V.
354 1534 400 1592 M.
416 1533 519 1614 Opera.
534 1528 670 1590 Londini
683 1530 765 1608 typis
778 1529 806 1586 J.
817 1525 965 1608 Brindley
970 1567 1099 1586 .......
1111 1548 1157 1588 12.
1177 1529 1264 1611 1744.

212 1621 265 1699 (B.
276 1623 310 1681 A.
322 1623 379 1701 G.)
389 1619 451 1680 clia
464 1620 576 1703 1753,2
587 1617 657 1678 vot.
670 1619 699 1677 8.
710 1617 762 1698 (B.
773 1617 807 1676 A.
818 1617 873 1696 G.)
886 1615 924 1675 ad
935 1616 1080 1679 Masvicii
1091 1616 1266 1680 editionem

213 1712 370 1790 castigata.

252 1810 289 1868 P.
305 1810 340 1869 V.
352 1806 437 1868 editio
449 1807 486 1868 cl>
500 1804 642 1874 Houlsins
653 1817 765 1870 curata.
777 1805 918 1868 Dubiiui.
932 1849 939 1864 .
951 1849 959 1864 .
971 1846 979 1862 .
991 1847 999 1864 .
1011 1846 1019 1894 .·
1030 1847 1121 1864 .....
1127 1805 1158 1868 8.
1177 1805 1267 1888 1745.

252 1907 289 1968 Ρ.
301 1908 338 1968 V.
351 1907 476 1966 Parisiis
485 1905 565 1987 opud
574 1903 736 1980 Corestelier‚
748 1903 765 1962 3
780 1906 810 1966 V
807 1901 854 1964 ott.
865 1925 930 1967 cum
931 1903 1007 1986 fiqq.
1022 1903 1141 1968 Coclsin.
1152 1904 1226 1964 eod.
1237 1926 1268 1964 a.

254 2005 291 2064 P.
308 2003 344 2074 V.
356 2005 403 2065 M·
414 2005 450 2072 P.
464 2005 646 2073 numanae
659 1997 770 2078 lVoll.
784 1999 896 2064 eustel
899 2043 1123 2062 ············
1128 2000 1159 2077 ii.
1177 2001 1266 2084 1746.

254 2093 301 2152 De
313 2094 367 2168 iis,
386 2112 456 2174 quae
470 2094 505 2160 iu
518 2091 600 2156 hauc
618 2091 790 2156 editionem
806 2102 953 2172 congesta
969 2104 1066 2167 sunt,
1086 2093 1160 2152 vide
1173 2092 1267 2174 pref.
1336 2145 1337 2154 ,

214 2185 387 2250 Burmanni
402 2184 464 2250 Ser·

255 2283 291 2342 P.
304 2283 340 2344 V.
353 2279 504 2342 collatione
512 2284 682 2364 scriptorum
693 2281 858 2341 Gneconem
870 2277 1025 2338 iliustratus
1033 2301 1121 2362 opero
1129 2293 1159 2340 et
1168 2279 1270 2341 indus-

216 2375 274 2436 trie
279 2371 381 2432 Fulvii
389 2373 602 2432 Ursini.nevise
610 2393 646 2430 ex
656 2371 788 2430 Plantin.
804 2370 890 2430 1568.
898 2390 966 2428 cum
974 2367 1066 2428 tribus
1075 2391 1172 2452 opusc.
1183 2369 1267 2430 Lud.
1335 2445 1336 2450 ¹

216 2462 306 2545 Cesp.
314 2459 715 2522 Valckeneeri..Leovanliae
723 2479 759 2518 ex
769 2455 852 2518 offic.
862 2456 933 2516 Gul.
944 2455 1096 2518 Coulon..
1108 2501 1116 2516 .
1130 2459 1160 2518 8.
1178 2458 1270 2542 1747.

257 2550 382 2607 Poterat
394 2568 468 2606 sene
479 2547 672 2607 fructuosior
683 2567 747 2607 esse
758 2544 824 2606 haec
838 2567 948 2628 opera,
963 2547 987 2606 si
1003 2547 1043 2606 ad
1059 2549 1166 2628 ipsum
1180 2549 1271 2608 Ursi-

217 2656 295 2697 num
309 2632 541 2696 emendandum
557 2635 605 2704 vel
617 2634 797 2704 eruendum
812 2633 929 2716 aliquid
946 2633 1089 2696 materie
1106 2635 1271 2706 maluisset

216 2728 266 2788 vir
276 2725 482 2794 doctissimus.
608 2782 616 2808 7

256 2825 292 2882 Ρ.
310 2825 346 2884 V.
367 2826 413 2882 M.
439 2823 535 2904 Opera
551 2843 618 2882 cum
636 2826 710 2882 notis
729 2819 909 2882 [recolendus.
928 2820 979 2880 Ad
990 2843 1077 2881 usum
1088 2821 1270 2890 scholarum.

106 2991 107 2994 ¹
216 2913 350 2978 Parisiis.
362 2909 452 2992 Apud
462 2911 595 2971 Desaint
610 2924 642 2970 et
654 2910 785 2972 Seiliaut
797 2909 847 2988 (B.
860 2911 893 2970 A.
906 2911 945 2970 G.
955 2913 1010 2991 )...
1026 2931 1071 2970 ια.
1086 2909 1162 2992 maj.
1179 2910 1268 2995 1748.
1334 2929 1335 3005 t

256 3010 291 3069 B.
306 3008 344 3068 V.
357 3009 404 3066 M.
418 3003 618 3066 Bucolicorum
631 3004 746 3087 Ecloqoe
760 3003 866 3064 decem
885 3004 944 3069 Tire
960 3004 1096 3070 Bucolilts
1111 3009 1148 3090 of
1154 3008 1184 3068 V
1182 3005 1269 3088 imit,

216 3092 338 3154 withan
346 3092 469 3176 Enqtst
483 3092 737 3153 Translationand
745 3092 1271 3174 NotesbyJ.Mertyn.Lond.prin-

216 3184 268 3244 ted
280 3184 320 3265 hy
335 3185 370 3243 R.
383 3184 471 3264 liein
481 3182 533 3242 for
543 3184 577 3241 Τ.
590 3180 733 3243 Osborne
736 3225 1036 3243 ................
1042 3181 1071 3257 li.
1089 3183 1162 3265 maj.
1182 3184 1269 3265 1749.

257 3276 297 3333 Et
309 3273 377 3332 eod.
396 3293 422 3334 a.
441 3272 522 3335 Edit.
537 3291 595 3332 sec.
610 3271 639 3332 8.
655 3274 745 3334 tertia
763 3274 847 3354 1750.
867 3275 895 3334 8.
912 3273 1144 3356 Expectabatur
1158 3275 1198 3334 ad
1217 3296 1270 3335 eo·
1333 3333 1334 3344 ,

217 3358 289 3421 dem
301 3361 368 3418 viro
381 3360 473 3419 docto
485 3361 597 3419 AEneis.
613 3360 674 3419 Nec
687 3375 793 3420 tamen
807 3359 941 3420 vidimus
955 3377 1189 3444 preterquam:
1203 3365 1271 3423 Dis·
1333 3365 1334 3372 ’

252 3545 292 3615 (r)
304 3544 347 3595 An
360 3547 442 3617 Essuy
453 3567 487 3600 ou
502 3548 605 3622 Virqil’s
613 3549 752 3602 celebrated
763 3551 839 3602 Getes
848 3549 989 3622 ofSleep...
1000 3549 1034 3620 ty
1045 3549 1182 3602 Theodoro
1190 3551 1224 3602 de
1232 3552 1270 3602 Lu

217 3627 295 3694 Feye.
305 3624 390 3676 Lond.
402 3627 426 3679 8.
438 3627 518 3696 Ι743;
531 3630 719 3682 verbosissime
729 3630 889 3702 disputatio,
902 3648 955 3700 qua
963 3641 1054 3681 tamen
1063 3629 1129 3701 quid
1140 3631 1269 3684 effectum
1332 3625 1333 3656 ³

161 3740 166 3746 -
217 3708 318 3758 sitnon
332 3708 421 3765 stetim
433 3712 539 3780 assequi
551 3709 629 3762 licet:
643 3723 747 3782 portam
760 3713 897 3763 eburneam
911 3710 1017 3762 videtur
1030 3713 1132 3763 referre
1148 3710 1183 3764 od
1199 3729 1266 3763 som-
1332 3669 1333 3739 l

217 3781 263 3842 sia
282 3789 422 3853 matutina,
439 3807 493 3858 quo
510 3802 630 3862 tempure
647 3811 709 3854 mox
725 3793 852 3865 evigilant
868 3805 895 3844 et
910 3791 944 3844 ed
959 3793 1042 3846 vitem
1059 3794 1138 3862 quusi
1155 3792 1266 3848 redeunt
1331 3853 1332 3856 Ἴ

217 3863 350 3927 homines;
358 3866 432 3937 falsa
441 3869 569 3920 insomnia
581 3888 638 3922 esse
648 3873 703 3923 visa
714 3873 849 3938 ludentia,
860 3874 910 3926 etsi
920 3873 1025 3925 veriora
1034 3871 1089 3928 siut
1103 3871 1209 3941 alioqui
1222 3891 1265 3922 re·

206 3943 318 4010 ‘nientia
329 3963 407 4006 mane
417 3948 519 3996 somnia
525 3969 532 4009 ;
545 3967 678 4015 comeam,
692 3970 746 4024 que
755 3951 899 4006 descensus
909 3951 938 4007 fit
947 3953 1099 4010 animarum
1110 3950 1146 4012 ad
1156 3952 1265 4004 inferus:

218 4035 246 4073 at
260 4023 318 4092 quis
330 4021 402 4075 hunc
414 4025 511 4075 exitum
525 4025 636 4079 dixerit?
1177 4025 1181 4032 ⁴
