2704 4582
305 316 360 381 tu
382 279 617 380 nuutios
640 314 732 379 tra.
756 316 795 380 x.
1029 341 1067 406 91

91 465 143 525 apo.
156 440 235 520 Quid
248 441 289 499 sit
300 461 356 520 per
365 458 454 498 reatos
465 436 563 496 factus
576 435 752 514 descensus,
767 458 832 497 uon
845 439 926 520 capit
937 439 1071 514 Servius,

65 538 100 614 qui
113 554 192 592 remos
208 529 348 612 explicat
363 525 507 608 scaphas:
527 525 600 585 dicit
612 539 719 608 poeta,
737 528 852 588 milites
867 527 1012 588 aviditate
1022 530 1072 588 in-

63 623 155 684 siliendi
165 624 196 682 in
206 635 324 681 terram
335 665 344 695 ,
358 631 496 697 arreptos
509 618 635 676 navium
646 637 746 677 remos
755 615 920 698 conjecisse
929 617 967 676 ad
978 631 1074 678 extre-

63 733 122 772 mm
135 733 216 772 oram
233 729 408 792 aquarum,
429 721 465 766 ut
481 707 542 766 illis
559 719 709 787 tanquam
727 709 893 787 ponticulis
909 707 1072 768 descende·

62 811 116 858 rent.
131 799 206 880 Saepe
224 800 258 856 in
280 798 345 856 oris
364 795 531 854 fluminum
549 793 654 854 videas
670 789 790 854 tabulas
810 795 848 854 ad
867 794 949 856 hunc
965 818 1073 872 usum,

63 887 113 964 quia
129 885 239 967 cymbae
264 882 416 965 applicari
439 894 526 941 terrae
550 881 681 940 omuino
705 897 881 962 nequeunt,
906 905 1004 966 neque
1026 884 1073 945 illi
1126 957 1129 970 ,

63 973 200 1034 adherere:
216 974 394 1054 facitpoeta
403 970 532 1052 gradum
540 970 578 1030 ad
587 969 794 1031 Tarchontem
802 974 976 1055 principem
984 977 1074 1034 Etru·

63 1059 516 1134 ria:animadvertitillelocum,
526 1059 910 1141 quemputavitvadosum
920 1083 1074 1137 nonease,

63 1149 97 1208 sed
108 1149 311 1230 profundum,
331 1147 477 1230 deceptus
494 1161 678 1228 argumento
698 1169 787 1230 aquae
799 1170 864 1210 non
879 1149 999 1224 fractae,
1019 1171 1075 1210 nec

64 1240 302 1298 remurmurantis:
312 1236 365 1296 sed
377 1257 447 1296 vere
457 1235 544 1295 locus
554 1235 769 1312 vadosuserat,
777 1236 1009 1319 etprofunditas
1021 1237 1076 1297 illa

65 1341 154 1386 tantum
166 1329 203 1388 ab
217 1329 315 1387 maris
328 1327 414 1386 fluxu
426 1340 578 1387 crescente
591 1325 629 1385 ad
643 1325 755 1386 litora:
770 1329 866 1408 igitur
876 1330 919 1387 ita
932 1327 1076 1409 deceptus

62 1438 140 1496 proras
152 1421 237 1478 navis
253 1439 318 1478 suae
333 1433 364 1478 et
375 1438 504 1477 suorum
517 1438 554 1477 eo
569 1416 710 1491 advertit,
1054 1476 1056 1481 .

88 1503 139 1582 tplp
157 1505 239 1568 Nihil
251 1505 313 1565 hac
327 1507 468 1566 oratione
481 1504 667 1566 ferventius:
694 1505 774 1565 calet
794 1520 876 1567 totus
895 1527 995 1566 sermo
1014 1507 1075 1581 ira,

63 1593 127 1668 odio,
138 1597 358 1676 incogitantia:
371 1597 416 1654 ira
427 1595 598 1676 loquentis,
608 1607 643 1654 ut
653 1616 689 1655 ex
699 1617 840 1655 sermone
850 1599 919 1678 ipso
930 1611 1075 1678 apparet:

62 1683 114 1741 odio
125 1686 152 1743 in
162 1685 272 1761 ltalos,
295 1707 394 1766 quum
412 1686 470 1758 ait,
477 1685 586 1764 findite
603 1688 698 1746 rostris
711 1685 787 1746 hanc
804 1701 921 1760 terram,
944 1689 1031 1768 quasi
1046 1701 1079 1745 et

63 1769 129 1831 tellus
138 1775 198 1854 ipsa
210 1772 327 1834 debeat
339 1774 450 1832 sentire
462 1773 631 1832 adventum
646 1772 810 1833 hostilem:
826 1775 1031 1855 incogitantia
1043 1777 1077 1834 in

63 1859 120 1934 illis,
131 1860 293 1944 sulcumque
304 1861 360 1920 sihi
371 1875 484 1941 prentat
495 1863 556 1941 ipsa
566 1863 667 1922 carina
675 1907 684 1934 ,
701 1861 731 1920 id
745 1876 804 1937 est,
819 1863 853 1922 in
865 1863 1014 1924 damnum
1028 1863 1076 1922 sui

62 1951 141 2008 carina
152 1953 215 2032 ipsa
228 1950 335 2011 trahat
347 1951 466 2010 sulcos:
482 1971 554 2009 nam
568 1951 659 2031 quale
672 1951 733 2012 hoc
746 1953 918 2034 periculum
933 1956 1076 2026 navium,

64 2037 79 2092 si
94 2057 118 2095 se
133 2039 212 2100 radis
231 2041 435 2120 imprimant,
457 2051 492 2098 ut
512 2053 647 2098 aratrum
667 2041 743 2101 solet
759 2043 851 2101 sulcis
868 2042 1027 2123 imprimi?
1044 2043 1077 2100 in

63 2137 169 2186 extremo
179 2142 285 2188 tamen
294 2141 338 2187 est
348 2127 442 2186 ardor
450 2125 608 2186 militaris:
620 2127 699 2187 nihil
707 2127 772 2208 jam
784 2149 877 2188 naves
885 2131 1076 2203 necessarie,

65 2209 83 2264 si
91 2212 169 2272 semel
181 2229 296 2274 terram
310 2216 487 2294 arripuero,
507 2216 604 2274 immo
618 2235 668 2273 eas
681 2213 839 2295 frangam3
859 2217 946 2296 quasi
958 2218 1006 2274 vir
1017 2218 1076 2273 mi-

63 2291 137 2357 litaris
153 2322 212 2362 non
230 2317 323 2385 egeat
341 2302 400 2362 illis
419 2303 458 2361 ad
477 2301 593 2382 fugam.
616 2303 692 2378 Quae
712 2303 774 2361 dixi
795 2303 833 2361 de
851 2303 936 2362 sulco
955 2325 1077 2383 presso,

65 2402 109 2444 non
120 2401 211 2465 muto,
226 2390 282 2451 sed
294 2412 422 2472 possum
435 2404 540 2452 tamen
553 2405 664 2472 putare
676 2391 810 2451 allusum
824 2414 841 2450 a
853 2407 943 2472 poeta
957 2392 995 2449 ad
1008 2411 1076 2449 mo-

65 2488 110 2530 reni
123 2477 316 2558 imprimendi
329 2480 420 2538 aratri
435 2481 533 2538 muris
546 2476 714 2537 hostilibus
732 2480 763 2536 in
781 2493 888 2538 notam
905 2478 1077 2538 evertendae

65 2559 141 2635 u·his;
154 2567 232 2646 quod
249 2569 399 2626 Horatius
417 2582 447 2626 et
464 2568 532 2640 alii3
553 2584 587 2626 ut
604 2565 688 2626 dicat
704 2567 866 2627 Tarchon:
889 2567 1076 2641 incumbite,

66 2645 139 2712 donec
149 2659 250 2718 carina
261 2677 294 2716 se
304 2656 393 2716 vadis
406 2657 582 2738 imprimat:
599 2677 671 2716 nam
684 2655 743 2716 hoc
755 2655 894 2738 profecto
905 2677 997 2716 omen
1008 2655 1077 2738 pul·

66 2731 221 2802 cherrimuut
234 2745 295 2803 erit
307 2741 513 2825 subjugandae
525 2743 633 2804 ltaliae.

93 2828 144 2904 298.
161 2830 203 2890 lta
219 2833 338 2892 incensi
357 2831 485 2892 suntad
503 2834 678 2892 orationem
689 2831 875 2892 Tarchontis
887 2831 1018 2904 milites,
1040 2846 1076 2890 ut

64 2915 231 2980 naves'etiam
247 2923 330 2981 arvis
349 2923 574 3002 impingerent,
596 2936 625 2980 et
643 2922 676 2978 in
694 2923 778 2980 sicco
794 2923 953 2993 sisterent,
975 2918 1076 2978 donec

65 3001 162 3066 taudem
173 3001 315 3070 sedereht
327 3030 450 3086 omncs,
470 3025 502 3070 et
514 3008 642 3091 reliquae
654 3009 720 3067 sine
736 3008 868 3082 damu03
887 3021 1008 3066 tantum
1022 3029 1075 3087 pe-

64 3085 169 3152 riclitata
181 3111 223 3156 est
235 3098 326 3156 navis
338 3095 531 3157 Tarchoutis.

92 3179 147 3240 303.
165 3185 300 3246 Adhibet
311 3184 459 3260 modum,
479 3206 542 3265 quo
556 3184 689 3245 lacerata
704 3187 793 3244 navis
805 3180 1006 3243 Tarchoutis:
1029 3195 1076 3241 est

64 3259 153 3326 dmum
170 3271 311 3333 cumulus
333 3292 433 3332 arenae
454 3272 579 3346 durior;
603 3273 720 3332 dicitur
740 3275 892 3353 iniquum,
917 3271 990 3352 quia
1011 3291 1077 3329 non

66 3356 156 3432 equale
170 3384 238 3422 cum
256 3363 379 3444 reliquo
395 3362 494 3422 vado:
517 3361 591 3422 hinc
604 3361 655 3438 fit,
670 3376 705 3422 ut
717 3380 827 3435 naves,
840 3381 938 3442 quum
954 3373 1027 3419 sunt
1043 3360 1076 3418 in
1116 3353 1119 3360 ’

65 3437 149 3537 dorso,
165 3455 334 3513 necessario
347 3451 502 3534 pendeant
514 3455 547 3511 in
563 3453 743 3512 alterutram
756 3466 892 3532 partem,
910 3452 1008 3510 veluti
1021 3471 1076 3509 an·

65 3533 163 3608 ⁰¹pites:
177 3559 249 3623 ergo
267 3543 306 3601 ab
319 3539 380 3601 hoc
392 3540 484 3600 dorso
497 3541 655 3600 calamitas
667 3553 733 3600 tota
745 3537 838 3620 hujus
850 3541 957 3602 navis:
978 3560 1076 3621 quum

65 3697 161 3771 sublata,
172 3709 274 3762 sulcum
285 3713 314 3762 in
326 3724 397 3766 terra
409 3712 460 3763 sibi
470 3730 535 3782 ape·
618 3727 676 3783 297.
689 3710 812 3762 Statinae.
831 3712 911 3760 Portu
923 3707 1078 3778 temporali;

66 3777 132 3834 dant:
147 3805 176 3837 eo
190 3803 280 3843 tamen
298 3793 327 3842 in
345 3791 405 3844 loco
422 3779 534 3862 repertis
580 3809 642 3842 narn
654 3802 747 3860 portus
760 3802 799 3840 est
811 3787 858 3839 ubi
871 3788 1018 3840 hiematur:
1032 3787 1079 3838 sed

66 3872 137 3922 lfaeltr
148 3883 217 3938 spem
228 3869 306 3921 vadis
321 3883 347 3922 et
361 3871 534 3942 inaequalibus
579 3869 661 3920 modo
671 3869 808 3920 stationem
818 3869 918 3918 siccum
928 3867 991 3916 litus
1001 3868 1079 3936 signi·

66 3948 534 4014 treunamcumulis‚navisTarch0n-
551 3985 553 3990 -
579 3947 653 4011 ficat;
669 3947 792 3999 namhoc
803 3943 880 4009 dicit;
894 3947 983 4016 potiar
992 3958 1076 4009 terra,

66 4015 89 4066 lis
100 4019 210 4080 alliditur.
580 4041 606 4080 et
616 4047 710 4080 navem
722 4028 845 4098 frangere
855 4044 910 4078 non
921 4042 1022 4075 recuso.
1036 4025 1062 4074 S.
