2720 4588
341 307 392 372 ru
416 301 652 372 assinos
675 303 768 370 mn.
793 305 856 372 xi.
1060 311 1121 401 18'9

75 433 194 514 partim
206 432 394 515 Hispanicus
406 442 548 504 omatus3
559 449 634 490 nam
645 426 712 490 baec
721 443 766 491 est
776 431 926 513 personina
930 430 1051 515 ferruq'o
1055 458 1067 507 ;
1077 437 1123 495 ita
1155 477 1158 482 -

75 542 110 580 ex
126 521 259 582 diversis
270 521 356 582 orbis
369 521 509 603 partibus
521 517 631 580 ducent
643 521 736 578 istum
750 532 895 580 exornat:
908 521 1013 604 fulgor
1024 523 1125 584 armo·
1142 557 1144 561 ,

75 629 147 668 rum
158 612 263 671 varius
272 621 353 685 erat,
364 623 439 668 nam
448 608 594 690 inprimis
605 603 825 690 ipsefidpcbat:
836 629 922 670 arcus
931 623 996 670 erat
1004 632 1126 671 aureus:

77 697 235 759 claritudo
254 699 345 761 mista
359 717 395 760 ex
411 711 487 760 ostro
500 697 707 781 etfimcqine:
726 693 787 756 buc
802 697 882 758 refer
898 701 1011 760 tunicae
1027 702 1126 782 pictu-

77 807 161 864 ram,
183 809 254 872 qnae
268 809 304 848 ex
315 809 391 852 acu:
411 789 506 849 ritum
525 805 685 848 armorum
700 787 826 867 attingit
839 789 872 848 in
885 809 958 850 arcu
972 789 1127 871 pendente
1157 811 1159 816 ’

78 897 113 935 ex
123 876 280 952 humeris3
294 879 328 938 in
340 879 511 954 cinctione,
526 897 587 960 qua
602 887 760 958 crepantes
773 879 859 938 sinus
872 878 989 940 carbasi
1004 879 1128 941 collecti

79 967 112 1025 in
126 967 250 1027 nodum
260 979 358 1030 eraut.
368 968 528 1050 Exquisita
538 965 619 1042 baec,
629 980 660 1027 et
669 981 809 1026 accurata
819 965 984 1050 descriptio
994 972 1128 1052 pertinet

79 1051 118 1112 ad
131 1053 330 1116 illiciendum
339 1055 479 1118 Camilla
489 1055 645 1130 animum,
659 1065 694 1114 ut
703 1053 882 1116 redderetur
894 1058 1031 1132 incauta,
1044 1059 1128 1116 etita

81 1143 209 1206 tandem
224 1146 355 1226 periret:
370 1147 488 1227 quippe
497 1165 567 1227 quae
580 1145 708 1226 ingenio
719 1142 864 1204 muliebri
876 1143 1129 1227 totafulgoribus
1158 1177 1162 1189 ι

81 1232 142 1294 illis
156 1235 310 1310 inhiaret,
324 1237 468 1296 etminus
482 1234 541 1294 sibi
552 1247 681 1296 caveret.
707 1263 711 1272 ·-

120 1325 190 1406 778.
203 1326 267 1400 En,
280 1323 497 1406 quaedicebam
506 1323 618 1384 modo:
627 1323 712 1382 vides
720 1331 755 1382 ut
763 1321 891 1382 Camilla
900 1343 989 1399 caeca,
1001 1326 1130 1399 incauta,

82 1424 230 1494 sequatur
241 1435 334 1475 unum
347 1433 384 1474 ex
393 1414 662 1474 ornni‘certamine:
683 1423 719 1470 ut
733 1408 841 1471 ardeat
853 1433 952 1472 amore
962 1412 1081 1494 mdo,
1101 1427 1130 1475 et

82 1500 255 1583 spoliorum,
275 1503 393 1585 quippe
405 1522 504 1562 amone
510 1502 653 1585 femineo.
672 1501 764 1560 Ratio
777 1519 851 1560 vero
866 1500 996 1583 duplex:
1012 1504 1130 1585 prima,

13 1663 14 1670 ἵ
82 1591 138 1649 sive
156 1603 192 1650 ut
209 1587 322 1672 templis
334 1588 493 1672 proefiqeret
509 1609 594 1648 orma
614 1583 894 1669 Dojunatrophaei
913 1589 1002 1650 loco:
1021 1589 1130 1667 altera,

81 1681 138 1740 sive
149 1692 225 1740 utse
227 1680 322 1764 ferret
328 1681 362 1740 in
371 1700 444 1740 auru
453 1679 580 1760 captivo,
594 1697 693 1760 quum
701 1691 877 1738 venaretur.
890 1678 1025 1755 Iudicat,
1036 1700 1131 1761 quarn

13 1809 14 1818 η
83 1769 144 1828 siut
159 1767 288 1829 feminas
304 1768 461 1849 jactantiae
477 1765 615 1848 cupida,
634 1779 666 1827 et
681 1767 786 1826 inanis
800 1768 1033 1828 ostentationis:
1056 1787 1130 1849 ergo

83 1859 346 1940 Arrunstempus
366 1857 516 1920 idoneum
532 1855 693 1932 observat,
718 1875 817 1937 quum
840 1854 894 1916 illa
915 1857 1131 1917 minus-cauta

83 1945 196 2023 fertur,
210 1948 377 2028 praemissis
389 1946 428 2007 ed
442 1947 525 2008 Deos
538 1944 696 2028 precibus.

122 2033 194 2116 785.
215 2034 313 2094 Vocat
329 2035 438 2110 initio,
456 2031 795 2115 Apollinem'summum
806 2035 936 2094 Deorum
952 2051 988 2094 ex
1000 2033 1132 2111 affectu,

12 2180 13 2196 ,
85 2143 148 2204 quo
160 2121 354 2198 illum-colis
369 2125 413 2184 sic
425 2136 532 2206 postea
543 2125 740 2204 omnipotens,
752 2143 788 2182 ex
798 2121 907 2183 eodem
917 2119 1029 2183 affectu
1041 2145 1048 2182 ε
1059 2143 1134 2183 nam

86 2211 228 2293 alioquin
237 2213 382 2295 luppiter
391 2211 572 2273 credebatur
581 2211 620 2271 ab
630 2211 785 2270 Gentibus
794 2224 826 2270 et
835 2229 973 2271 summus
983 2212 1132 2288 Deorum,

86 2313 116 2362 et
126 2303 348 2385 omnipotens:
368 2301 475 2383 dirigit
490 2322 565 2376 vero
581 2319 684 2382 preces
700 2297 738 2358 ad
753 2298 933 2381 Apollinem
949 2300 1055 2378 illurn,
1078 2305 1133 2384 qui

12 2387 13 2394 '
87 2403 180 2452 custos
190 2391 319 2452 Sometis
330 2392 446 2452 montis
457 2414 464 2451 :
475 2388 626 2452 conciliat
637 2386 745 2462 illum,
764 2407 863 2469 quum
877 2389 934 2461 ait,
948 2409 1034 2468 quem
1046 2392 1133 2470 primi

87 2477 224 2554 colimus,
239 2478 271 2538 id
285 2493 347 2557 est,
364 2501 423 2541 nos
434 2493 465 2540 te
478 2499 542 2562 prae
557 2478 626 2540 aliis
639 2475 785 2552 colimus;
799 2495 858 2536 nos
872 2476 966 2557 primi
978 2495 1085 2536 sumus
1099 2479 1134 2538 iu

12 2599 14 2636 μ
89 2582 117 2628 te
130 2566 285 2630 colendo:
304 2568 433 2645 deinde,
448 2571 499 2630 cui
515 2571 619 2651 piarem
634 2564 723 2627 asdor
738 2586 841 2627 acervo
859 2566 1000 2647 poscitur,
1024 2563 1055 2624 id
1074 2579 1133 2641 est,

89 2676 213 2718 acervos
224 2675 264 2717 ex
274 2651 355 2718 teda
365 2657 503 2739 pineaiu
513 2658 561 2716 tui
570 2653 725 2716 honorem
735 2651 949 2716 accendimus:
963 2654 1052 2734 quin,
1061 2651 1134 2714 vide

89 2765 150 2826 qna
162 2765 237 2824 erga
245 2756 276 2804 te
288 2743 479 2806 confidentia
493 2745 603 2820 simus,
615 2756 648 2804 te
656 2764 721 2804 uuo
732 2741 819 2816 freti,
833 2753 864 2801 et
877 2753 931 2802 tua
940 2743 1051 2822 pietate
1063 2762 1135 2822 pru·

90 2853 142 2894 uas
155 2832 251 2894 nudis
269 2833 403 2916 pedibus
416 2834 583 2926 calcamps,
601 2831 698 2914 idque
715 2832 823 2892 illaesi:
844 2851 942 2911 quum
960 2849 1034 2909 ergo
1047 2835 1135 2890 tanta

91 2924 129 2982 tit
142 2936 254 2984 mutua
262 2924 459 2999 vicissitudo,
468 2935 499 2984 et
508 2922 609 2984 cultus
619 2924 719 2983 nostri
728 2941 799 3000 erga
811 2933 855 2993 te,
870 2930 900 2977 et
912 2916 1136 2978 beneficiorum

90 3023 215 3072 tuorum
225 3031 298 3094 erga
307 3032 380 3088 nos,
390 3011 466 3094 quid
476 3014 591 3072 mirum
605 3012 631 3072 si
643 3010 743 3069 ausim
752 3019 855 3089 petere
864 3003 1053 3065 beneficium
1065 3007 1134 3064 uni-

92 3099 178 3160 cum?
188 3099 229 3160 da
240 3121 330 3182 ergo,
344 3101 449 3175 Pater,
461 3113 497 3160 ut
508 3099 728 3160 nostris-armis
742 3107 867 3155 tantum
881 3091 1013 3152 dedecus
1028 3105 1135 3151 aman·

92 3189 198 3252 detur:
213 3203 317 3274 potes,
329 3203 364 3250 ut
378 3194 432 3272 qui
443 3193 639 3272 omnipotens,⁸
652 3184 875 3266 ‹lebes,usqui
888 3185 984 3242 Pater.

130 3291 199 3364 79⁰·
216 3281 248 3342 Si
268 3281 340 3363 quis
354 3277 516 3361 objiceres
537 3299 607 3362 quae
622 3291 675 3338 tua
686 3275 802 3360 gloria,
820 3294 840 3334 o
859 3272 989 3346 Arruns,
1010 3275 1035 3332 si
1049 3271 1136 3354 ferui-

127 3480 188 3551 776.
207 3477 349 3532 cenaeos.
366 3477 412 3529 Ait
426 3475 594 3550 chlamydem
638 3472 720 3546 longa
733 3469 880 3541 descriptio
894 3465 958 3520 illuc
972 3471 1089 3539 spectat,
1108 3482 1141 3522 ut

93 3561 174 3613 luisse
183 3575 323 3624 croceam,
335 3570 361 3610 et
372 3559 401 3610 iu
414 3575 446 3610 ea
459 3557 529 3610 sinus
539 3574 594 3609 cur·
638 3556 665 3605 in
678 3570 771 3606 eorum
783 3548 959 3622 cupiditatem
976 3549 1071 3598 merito
1084 3549 1137 3600 Ca-

93 3640 189 3693 uneas.-
197 3640 239 3692 lta
251 3637 300 3690 lib.
312 3637 388 3705 vm,
400 3637 438 3690 ait
450 3634 485 3688 de
497 3635 593 3707 Tybri,
638 3632 712 3686 milla
721 3628 845 3682 rideatur
854 3645 911 3681 esse
922 3643 1059 3680 succensa.
1070 3627 1137 3696 Alii,

97 3713 594 3790 «eumtennisfflaucosclebatamio-
638 3712 744 3764 barbara
763 3712 973 3780 interpretantur
994 3705 1077 3758 [bera.
1102 3733 1138 3750 --

97 3815 124 3854 tn
137 3799 304 3852 Carbanum
321 3823 357 3836 --
370 3797 461 3850 Pictas
480 3795 592 3862 tanicm,
638 3791 759 3844 Barbara.-
782 3787 894 3859 Phrygia
909 3809 915 3837 ι
941 3803 1004 3838 narn
1022 3785 1138 3859 Phryges

95 3881 292 3952 pietatemrum
304 3872 596 3949 barbemuqninasid
640 3870 704 3922 olim
724 3866 858 3920 vocabant
879 3865 1003 3918 barbam.
1023 3864 1091 3916 Vide
1111 3868 1157 3923 in·

88 3965 152 4026 est,
176 3957 297 4014 nubebat
318 3969 419 4011 restem
441 3954 614 4028 Phrygionis
640 3947 965 4015 invol.1v,notas‚pag.
978 3957 1042 4013 272,
1055 3944 1145 4000 etEt-

100 4052 152 4094 srte
176 4039 346 4112 pertesum:
374 4051 440 4090 tene
454 4049 614 4090 ‘armorum‘
643 4046 749 4086 cursum
761 4027 811 4094 ut,
824 4031 884 4097 pag.
899 4039 958 4092 ²9²·
