2726 4592
263 300 327 384 274
589 293 676 356 rin
709 291 783 378 en.
806 293 997 386 nonnus

210 443 243 498 ²9
261 431 291 480 et
305 421 406 490 Diras,
418 427 449 477 et
460 413 604 490 Culicem,
619 437 717 498 quum
731 429 807 477 esset
818 437 975 480 annorum
990 418 1183 501 quindecim.
1198 411 1303 479 Culicis

260 511 390 570 materia
401 506 472 567 talis
486 520 547 565 est:
561 507 670 568 Pastor
679 507 828 588 fatigatus
839 523 932 585 astu,
947 531 1045 591 quum
1056 511 1112 571 sub
1126 511 1239 570 arbore
1249 503 1300 564 ob·

259 598 474 670 dormisset,et
483 615 608 675 serpens
617 594 657 653 ad
670 593 760 654 illam
770 612 964 678 proreperet,
977 598 1118 680 epalude
1129 597 1218 677 culex
1232 612 1300 679 pro·

257 687 389 761 volavit,
402 700 494 766 atque
508 683 664 744 interduo
677 697 819 766 tempora
831 685 974 747 aculeum
986 689 1190 771 lixitpastori.
1203 689 1241 745 At
1250 683 1299 742 ille
1349 715 1356 728 s

258 775 408 834 continuo
423 771 551 832 culicem
565 772 731 846 contrivit,
745 784 775 834 ct
785 772 885 834 vnum
900 789 1073 856 serpentem
1085 774 1257 846 interemit,
1268 788 1298 828 ac

257 864 434 947 sepulcrum
448 862 540 922 culici
555 863 677 937 statuit,
692 875 724 921 et
734 861 892 924 distichon
904 861 995 926 lecit:

362 999 443 1049 Parve
455 993 545 1061 culex,
558 996 692 1066 pecudum
703 1008 792 1048 custos
804 996 854 1048 tibi
866 997 919 1050 tale
931 1003 1044 1053 merenti
1091 989 1094 996 ¹

358 1078 469 1130 Funeris
482 1076 601 1128 officium
613 1079 673 1128 ritae
686 1095 736 1148 pro
749 1095 858 1130 munere
870 1077 967 1130 reddit.

202 1202 236 1254 30
293 1201 372 1264 Vlll.
393 1201 517 1281 Scripsit
536 1201 644 1274 etiam,
664 1199 703 1258 de
723 1219 783 1278 qua
800 1199 987 1281 ambigitur,
1006 1203 1137 1260 AEtnom.
1157 1198 1198 1257 Et
1211 1215 1299 1268 mox,

252 1313 350 1378 quum
361 1311 408 1350 res
419 1293 578 1350 Romanas
586 1288 780 1363 inchoasset,
794 1287 933 1350 offensus
947 1290 1077 1350 materia
1088 1302 1118 1348 et
1132 1289 1297 1348 nominum

251 1461 285 1514 de
301 1460 354 1512 boc
366 1479 391 1510 r.
405 1461 517 1510 nocem
532 1457 653 1514 mettin.
671 1455 752 1524 Quod
798 1473 960 1530 quamquam
978 1459 1139 1530 «Virgilium
1153 1457 1297 1509 illalelici·

251 1540 287 1597 ad
295 1540 502 1611 Epigrammata,
511 1538 633 1608 inprimis
642 1537 669 1587 in
677 1536 752 1588 Pria·
798 1549 837 1590 tas
854 1541 953 1612 ingenii
966 1543 992 1591 in
1006 1543 1127 1592 oratione
1138 1538 1228 1590 soluta
1239 1537 1299 1589 reli-

248 1640 328 1693 pum,
344 1621 452 1681 attinet,
466 1617 561 1669 lusisse
578 1629 687 1689 poetam
699 1615 752 1668 hu-
797 1619 855 1687 quit
865 1641 893 1684 s,
911 1620 1015 1671 Senecae
1028 1619 1131 1688 judicio
1147 1619 1211 1669 Exc.
1229 1616 1296 1668 Con-

247 1699 366 1770 jusmodi
376 1697 496 1770 quedam
507 1697 631 1750 dubitare
639 1715 688 1749 uos
696 1715 750 1747 non
797 1708 863 1748 trov.
879 1697 924 1749 lib.
938 1699 982 1749 111.
995 1698 1108 1769 Augusti
1120 1696 1249 1767 epistolas
1263 1693 1297 1746 ad

250 1781 312 1832 sinit
329 1779 428 1830 Plinius
445 1777 513 1846 Epp.
533 1779 566 1840 V,
584 1779 609 1829 3.
628 1778 697 1828 Nam
716 1774 751 1827 ad
795 1777 1035 1848 Virgiliumlaudat
1044 1789 1138 1830 auctor
1148 1775 1296 1848 Dialogide

250 1861 336 1927 majus
347 1854 448 1926 aliquid
460 1873 540 1924 quam
550 1855 702 1927 eclogarum
712 1855 751 1906 lu·
794 1857 908 1910 Oratore
932 1877 991 1932 cap.
1016 1857 1061 1925 13,
1085 1870 1111 1910 et
1132 1857 1295 1910 Claudianus

251 1958 310 1992 sum
319 1949 453 2008 spectasse
463 1934 582 2002 videtur,
591 1935 656 1986 dtim
665 1936 751 2006 Virgi-
794 1935 878 2008 Epist.
894 1936 933 1989 ad·
943 1937 1034 2010 Olybr.
1053 1935 1096 2006 (n.
1110 1937 1186 2008 ΧΗ)
1203 1955 1226 1988 r.
1247 1937 1295 1988 23:

250 2019 315 2071 lium
327 2019 396 2068 iuter
408 2033 453 2067 eos
464 2025 606 2080 memorat,
618 2015 665 2085 qui
674 2014 750 2084 paul·
797 2017 949 2088 «Dignatus
965 2019 1039 2069 tenui
1055 2013 1143 2068 Cesar
1158 2018 1297 2088 scripsisse

249 2090 752 2150 lolasciviorncarminacondiderints
794 2097 908 2148 Maroni.
921 2120 931 2144 n
944 2098 1071 2150 Ceterum
1080 2115 1135 2148 uon
1145 2097 1249 2168 pigebit
1257 2096 1296 2146 lo·
1355 2101 1356 2156 j

250 2194 412 2250 quom-quem
447 2173 560 2226 alteram
590 2173 749 2224 sententium
795 2193 855 2228 cum
876 2195 907 2230 ex
925 2177 1047 2228 Vincent.
1065 2176 1199 2228 Bellovac.
1219 2177 1294 2247 Spec.

249 2259 340 2312 Ovidii
350 2257 438 2310 uerbis
452 2255 520 2306 tueri
532 2254 617 2326 possis
627 2253 705 2304 Trist.
716 2255 752 2317 u,
793 2255 855 2308 hist.
863 2257 919 2321 Vll,
929 2255 974 2320 62,
986 2255 1147 2321 adscribere,
1158 2255 1214 2322 ubi,
1223 2267 1297 2327 post-

250 2341 316 2409 537,
328 2339 388 2410 qui,
400 2336 465 2387 dum
475 2333 579 2404 Virgilii
589 2332 711 2403 exemplo
721 2347 749 2384 se
796 2355 876 2407 quarn
893 2355 924 2390 ex
940 2353 987 2404 eo,
1004 2335 1077 2406 quod
1091 2353 1202 2407 pmua,
1222 2353 1295 2402 nara,

248 2413 748 2483 tuetur,nonnisibucolicanominata
794 2417 870 2468 duces
881 2427 985 2466 tautum
995 2416 1122 2483 cecinisse
1131 2426 1296 2467 memoratur
1354 2423 1355 2428 ’

252 2500 399 2573 «Phyllidis
423 2497 467 2550 bic
493 2495 563 2548 idem
589 2507 749 2564 tenerosque
793 2496 933 2570 Virgilius,
947 2495 1064 2567 colligit:
1087 2496 1225 2566 «proinde
1235 2497 1295 2547 Vir·
1354 2491 1355 2576 l

248 2578 417 2650 Amaryllidis
436 2578 510 2646 ignes
527 2574 658 2626 Bucolicis
670 2577 749 2643 juve·
794 2577 872 2649 gilius
892 2575 925 2628 de
943 2575 1048 2640 Colice,
1071 2587 1100 2627 et
1114 2576 1242 2648 Virgilius
1261 2576 1294 2629 de
1354 2579 1355 2651 i

248 2662 289 2710 nis
306 2661 406 2710 luserat
421 2668 482 2706 onte
496 2653 616 2705 modis.»
638 2654 749 2704 AEtmm
794 2657 885 2719 AEtna,
904 2673 970 2724 quos
983 2654 1189 2710 aurelianenses
1201 2656 1236 2708 ad
1250 2673 1294 2707 os-

247 2739 365 2792 Gornelii
375 2737 464 2789 Severi
477 2733 556 2804 vulgo
569 2732 689 2784 habitam
700 2735 751 2784 Lu·
794 2737 969 2788 tentationem
982 2747 1007 2786 et
1017 2736 1172 2805 jactantiam
1185 2738 1296 2789 circum·

248 2819 310 2871 cilio
315 2817 415 2888 juniori
423 2833 510 2885 nuper
518 2815 628 2866 asseruit
635 2814 749 2866 Werns·
794 2816 897 2878 ferunt,
910 2815 980 2864 inter
990 2826 1113 2866 auctores
1123 2815 1293 2888 apocryphos
1353 2857 1354 2866 ,

248 2900 319 2966 (10τῆ
336 2901 408 2949 Poet.
421 2898 479 2946 Lat.
496 2895 557 2944 min.
571 2893 602 2943 T.
616 2893 660 2942 lV.
674 2893 750 2944 Diras
794 2892 936 2965 separandi
948 2894 1032 2944 sint.»
1353 2875 1354 2890 ἵ

249 2979 346 3032 Valerii
361 2977 470 3028 Catonis
481 2991 553 3037 esse,
567 2991 583 3025 a
594 2972 699 3024 nemine
709 2972 749 3022 fa·
831 2975 917 3043 Quum
927 2983 1124 3026 comannorum
1134 2975 1200 3037 XV3
1213 2977 1293 3028 immo

249 3061 299 3113 cile
307 3057 530 3110 nuncdubitatur.
538 3049 749 3103 DeMoretoride
793 3048 876 3118 XXV,
887 3066 915 3104 ut
923 3052 1213 3106 emendarisscOodio.
1223 3056 1294 3108 ride-

248 3142 418 3211 prooemiutn.
442 3165 476 3176 -
497 3137 591 3202 Copom
613 3149 673 3182 cum
690 3130 749 3181 aliis
793 3131 930 3200 bisinlra,
944 3151 1004 3204 pag.
1018 3134 1079 3202 334.

249 3220 283 3271 ad
294 3220 359 3271 alios
371 3230 492 3268 auctores
502 3213 602 3264 referre
612 3229 749 3263 nonrore·
830 3211 851 3283 §.
871 3230 911 3282 29.
936 3213 1030 3265 Culicis
1045 3213 1153 3264 materia
1171 3215 1291 3268 tulisset.

249 3317 315 3349 mur.
333 3299 392 3346 Mos
407 3297 475 3346 enim
492 3292 538 3342 ille
553 3289 748 3360 vulgatissimus
793 3293 869 3358 Haec,
882 3307 908 3344 et
918 3311 976 3363 quae
987 3305 1148 3362 sequnntur,
1161 3295 1294 3348 emblema
1352 3339 1353 3360 ,

247 3381 302 3431 sire
322 3375 576 3436 Grammaticorum,
593 3372 648 3420 sire
667 3370 750 3422 libra·
793 3373 938 3442 emargine
952 3387 1022 3436 esse,
1035 3371 1206 3424 manifestum
1221 3387 1268 3446 est.
1352 3361 1353 3385 ³

247 3461 347 3508 riorum
361 3455 427 3517 fuit,
437 3463 467 3502 ut
477 3454 531 3501 sive
544 3445 679 3511 calenses,
694 3453 747 3503 sive
828 3452 850 3517 S.
861 3450 903 3501 30.
917 3450 1002 3518 Quum
1013 3467 1050 3502 res
1058 3452 1123 3500 Rom
1144 3451 1293 3505 inchoasset.

246 3540 351 3589 minora
380 3535 478 3603 scripta
510 3531 657 3587 clarissimo
694 3535 747 3584 cui·
791 3531 828 3581 Ex
843 3527 956 3580 illoEcl.
972 3527 1066 3592 vna:
1090 3530 1294 3597 «Quumcang.

249 3635 300 3688 que
320 3615 443 3685 scriptori
463 3612 659 3678 adscriberent,
679 3632 747 3686 saepe
791 3629 846 3662 rem
863 3625 938 3679 reges
955 3620 982 3659 et
998 3608 1292 3679 praestimonium
1351 3645 1352 3670 2

249 3699 330 3748 etiam
341 3698 366 3745 in
381 3693 453 3744 calce
464 3693 555 3742 vacuis
569 3689 667 3742 chartis
680 3693 747 3744 illita
790 3689 816 3740 h.
826 3689 877 3739 loc.
892 3688 993 3739 «Gesta
1003 3707 1095 3760 regum
1109 3689 1291 3758 Albanorum,
1351 3673 1352 3698 ¹

248 3779 366 3829 carmina
379 3772 410 3824 ad
426 3773 534 3840 majoris
547 3771 671 3821 carminis
684 3789 747 3824 auc-
792 3787 849 3840 quae
856 3780 944 3840 coepta
952 3769 1054 3834 omisit,
1067 3771 1206 3822 nominum
1217 3791 1293 3844 aspe-

249 3845 345 3906 torem⁸
357 3850 521 3904 confidenter
542 3850 680 3900 referrent.
709 3853 746 3903 lia
790 3851 868 3902 ritate
878 3848 1027 3902 deterritus.
1039 3849 1091 3902 Alii
1103 3849 1218 3924 Scyllam
1231 3873 1293 3906 enm

248 3933 369 4004 Epistolis
381 3931 483 4002 Virgilii
494 3929 682 3999 addugustum
691 3929 745 3982 duo
790 3929 905 3988 scribere
927 3932 1038 4004 coepisse
1057 3929 1164 3996 dicunt,
1185 3934 1214 3984 in
1237 3951 1292 4004 quo

248 4014 309 4065 loca
321 4023 450 4064 memorat
459 4007 578 4059 lllaorob.
591 4005 645 4059 Sat.
659 4011 684 4073 l,
698 4010 744 4075 24,
790 4009 859 4063 libro
871 4010 930 4062 Nisi
942 4022 970 4063 et
985 4011 1082 4064 Minois
1098 4011 1170 4082 regis
1180 4009 1293 4065 cessem
1350 4061 1351 4074 ,
