2726 4592
240 307 302 392 304
413 311 447 372 Ρ.
471 295 701 372 vtuotttt
725 299 954 372 Maeotiis
980 295 1094 371 virt

241 435 320 515 agris
335 429 506 513 praefuisse,
519 427 579 488 alia
593 430 744 488 Seruianae
760 427 990 510 compilationis
1008 428 1077 489 loca
1091 426 1251 488 affirmant
1264 436 1273 482 t

240 524 278 585 ad
289 521 353 580 Ecl.
367 519 410 590 ll,
429 540 438 576 1
458 529 464 574 ἑ
480 513 591 591 Pollio,
605 517 655 596 qui
666 535 699 574 eo
712 529 834 596 tempore
849 515 1087 598 Trunspadunum
1100 513 1198 575 italice
1209 534 1273 594 por·

241 619 295 674 tem
308 607 419 670 tenebat
428 619 456 665 et
467 606 544 686 egris
553 617 672 684 prteerut
684 600 856 664 dividendis.
870 605 909 664 Et
920 607 1059 663 Donatus
1073 605 1106 662 in
1120 603 1193 663 Vita
1206 601 1275 659 Vir-

241 699 308 781 gilii
318 699 342 776 5.
354 696 391 756 36
405 717 411 752 :
427 695 486 754 Hie
497 691 597 751 Pollio
612 691 848 772 Transpadanum
862 695 1041 772 provinciam
1053 689 1180 772 repebat,
1193 683 1274 772 eujus
1351 709 1352 722 ³

237 793 347 867 fauore,
366 802 455 863 quum
467 781 634 839 veteranis...
647 781 711 859 apri
721 777 967 854 distribuerentur,
979 801 1045 840 suos
1061 775 1205 859 Virgilius
1214 793 1274 834 non
1351 815 1352 826 .

239 875 442 938 umisit.Fueta
453 871 530 928 enim
541 867 749 941 distributione,
761 887 827 927 suos
837 887 886 926 seu
895 865 1026 940 Claudio,
1038 890 1087 927 seu
1096 868 1185 927 Arrio
1194 859 1275 923 datos

239 961 419 1046 recuperauit.
433 957 608 1015 Obscurum
626 969 671 1014 est
687 956 741 1035 qui
760 953 878 1013 factum
898 955 951 1028 sit,
965 967 999 1013 ut
1012 953 1093 1013 idem
1112 952 1274 1030 negotium

239 1055 277 1116 ad
290 1053 395 1136 plures
410 1043 514 1107 referri
529 1057 641 1126 posset.
662 1043 718 1102 Sed
738 1042 818 1102 forte
834 1061 869 1103 ea
881 1043 948 1103 loca
966 1057 1029 1102 rem
1047 1043 1226 1122 expedient,
1243 1040 1276 1096 in

240 1144 353 1224 quibus
379 1134 506 1195 Alfenus
527 1134 624 1192 Varus
649 1131 788 1190 Pollioni
807 1131 914 1211 fugato
938 1133 1116 1191 successisse
1132 1121 1275 1188 traditur.-

238 1236 319 1294 Serv.
334 1226 370 1288 ad
384 1225 446 1284 Ecl.
464 1222 521 1296 lx,
536 1243 588 1304 29,
602 1222 680 1280 Sane
695 1218 843 1278 blanditur
851 1218 960 1303 Alfeno
974 1223 1003 1282 V
1001 1231 1052 1279 uro
1057 1263 1066 1292 ,
1081 1221 1131 1300 qui
1136 1249 1145 1291 ,v
1162 1213 1276 1276 Pollio*

239 1322 401 1405 nefiipalo,
414 1311 520 1394 legatus
533 1306 747 1390 Transpadanis
757 1308 923 1390 paepositus
936 1321 977 1368 est
988 1307 1025 1368 ab
1034 1309 1181 1389 Auguste,
1191 1319 1223 1364 et
1237 1302 1276 1361 ad

237 1410 301 1471 Ecl.
316 1409 376 1477 Vl,
388 1404 421 1476 6,
433 1397 496 1459 Alii
500 1399 571 1480 fisso
575 1397 739 1479 fugatoque
751 1396 854 1454 Asinio
868 1393 1014 1468 Pollione,
1026 1394 1063 1454 ab
1076 1395 1210 1475 Auqusto
1224 1387 1277 1450 Ai-

233 1502 339 1583 fenum
353 1496 382 1556 V
380 1510 463 1550 urum
480 1485 605 1568 legatum
618 1484 815 1556 substitutum,
829 1487 880 1566 qui
896 1484 1110 1567 Trampadun‘oe
1119 1483 1276 1564 provincie

240 1599 268 1646 et
284 1583 360 1664 apris
379 1573 537 1636 diuidendis
556 1585 697 1653 preesset,
717 1573 767 1651 qui
787 1574 911 1646 curauit,
928 1585 964 1630 ne
982 1583 1064 1653 uper,
1080 1572 1130 1652 qui
1151 1564 1277 1648 Virgilio

240 1667 500 1750 restaurassent,
513 1683 532 1720 u
542 1662 680 1721 ueteranis
695 1661 862 1742 auferretur.
878 1659 998 1718 Habete
1018 1677 1074 1718 nos
1085 1655 1207 1740 putabo
1221 1656 1276 1714 ali-

239 1761 331 1843 quid,
346 1753 429 1836 quod
444 1752 530 1830 sequi
549 1751 716 1829 possimus,
733 1746 827 1806 modo
848 1741 1022 1808 Pollionem
1038 1768 1075 1807 eo
1091 1767 1175 1805 anno
1188 1747 1275 1824 fuga·

241 1868 307 1910 tum
322 1859 383 1904 esse
405 1838 566 1921 probabile
581 1837 648 1895 fieti
668 1837 790 1914 poterit.
808 1838 880 1894 Erat
898 1837 923 1894 is
938 1838 980 1895 M.
1002 1837 1129 1894 Antonii
1144 1837 1278 1905 amicus3

239 1954 270 1998 et
282 1935 382 1995 statim
402 1939 418 1988 a·
435 1927 643 1986 triumviratus
656 1923 728 1982 inde
741 1927 885 2004 pactione
897 1927 933 1984 U.
948 1927 981 1985 C.
999 1947 1072 2007 711,
1086 1923 1198 1984 Galliae
1210 1923 1276 1982 Cis-

241 2025 351 2106 alpinae
373 2017 410 2076 ab
430 2015 566 2073 Antonio
586 2009 744 2093 praefectus
760 2010 858 2071 fuerat
877 2011 930 2091 (ci.
954 2014 1079 2092 Martia,
1095 2024 1127 2092 p.
1147 2003 1277 2088 Keilii,-

240 2111 300 2172 lioc
317 2121 415 2176 anno,
430 2101 503 2184 713,
522 2100 682 2159 Octaviani
702 2101 805 2181 copias
825 2101 864 2158 ab
881 2099 1005 2180 Alpium
1022 2102 1153 2159 transitu
1164 2097 1278 2180 prohi-

240 2200 344 2260 buisse
355 2203 558 2261 memoratur,
574 2186 636 2247 vid.
647 2191 778 2270 Appian.
789 2211 819 2270 p.
837 2189 924 2263 1088,
938 2203 969 2248 et
981 2191 1013 2247 in
1026 2187 1109 2248 bello
1125 2190 1278 2246 Perusino
1325 2194 1327 2202 ’
1351 2233 1352 2247 .

240 2291 306 2372 ejus
327 2285 363 2346 fit
384 2285 464 2342 inter
484 2279 575 2338 duces
596 2281 789 2338 Antonianos
808 2280 939 2353 utentia,
961 2280 1013 2359 qui
1033 2277 1245 2338 Salvidienum
1264 2295 1282 2338 e'

240 2375 351 2438 Galliis
364 2369 534 2430 Octaviano
550 2368 652 2448 coplas
665 2363 867 2426 adducentem
886 2359 1078 2447 persequuti,
1093 2382 1122 2426 et
1134 2367 1168 2426 L.
1185 2369 1279 2426 Anto·

240 2469 294 2526 nio
310 2459 465 2542 suppetias
477 2455 557 2514 ferte
570 2457 703 2514 cunctati
719 2463 791 2514 sunt
808 2451 883 2512 ibid.
902 2476 971 2536 pag.
986 2475 1078 2534 1097,
1092 2475 1159 2534 sqq.
1172 2453 1277 2529 Quum

239 2557 274 2612 L.
298 2548 447 2610 Antonius
464 2563 546 2601 anno
561 2544 699 2622 sequenti
719 2563 751 2601 se
767 2541 950 2615 dedidisset,
968 2563 1037 2600 cum
1054 2543 1108 2616 iis,
1126 2563 1203 2620 quas
1223 2541 1277 2600 ha-

240 2639 347 2710 bebat,
362 2632 458 2712 copiis
481 2630 580 2688 Pollio
594 2629 751 2709 profectus
766 2645 824 2702 est,
839 2645 874 2688 ut
889 2632 1024 2688 Antonio
1038 2631 1069 2687 in
1090 2629 1215 2688 ltaliam
1232 2639 1282 2689 ve'-·

239 2725 337 2786 aienti
347 2717 950 2789 occurreret3initinereDomitiumcum
958 2719 1054 2797 copiis
1062 2717 1119 2776 sibi
1129 2716 1281 2796 adjunxit.

240 2811 303 2873 vid.
318 2810 449 2891 Appian.
463 2827 494 2888 p.
511 2806 594 2864 1113.
613 2803 696 2879 1114.
712 2805 822 2866 Vellei.
835 2807 880 2878 ll,
895 2805 943 2887 76,
956 2809 1036 2865 Num
1049 2803 1145 2864 Pollio
1159 2809 1279 2868 Asinius

240 2921 307 2962 cnm
320 2911 424 2979 septem
438 2891 597 2974 legionibus
610 2891 661 2952 diu
679 2906 786 2952 retentu
804 2896 835 2951 in
851 2907 986 2974 potestate
1003 2895 1127 2953 Antonii
1143 2899 1280 2969 Venetia,
1350 2897 1351 2904 ’

242 2990 356 3070 tnupnis
374 2984 561 3066 speciosisque
582 2980 662 3040 rebus
683 2984 761 3041 eirca
781 2979 917 3041 Altinum
935 2979 1064 3063 aliusque
1078 2982 1138 3065 ejus
1157 2987 1281 3065 regionis

241 3075 322 3136 urbes
337 3071 418 3132 editis
426 3114 435 3142 ,
451 3069 615 3126 Antonium
625 3081 735 3148 petens,
751 3087 857 3148 vagum
871 3065 1169 3129 udburDoruitium...
1177 3069 1280 3152 junxit
1350 3121 1351 3142 ,

242 3165 382 3224 Antonio.
406 3157 511 3218 Potuit
532 3158 636 3236 itaque
655 3157 735 3214 iuter
751 3155 805 3216 has
828 3177 930 3216 rerum
954 3157 1181 3218 vicissitudines
1198 3160 1277 3233 fieri,

187 3255 196 3267 ⁸
241 3263 276 3310 ut
287 3247 390 3307 Pollio
402 3267 437 3304 ex
454 3246 533 3324 agris
548 3243 776 3324 Transpadanis
794 3245 1006 3326 expelleretur.
1024 3247 1113 3304 Nunc
1125 3255 1230 3306 autem
1247 3249 1277 3305 in

241 3334 348 3420 Aifem
361 3339 390 3397 V
388 3355 438 3392 aro
452 3353 539 3391 novae
554 3331 751 3393 difficultates
763 3337 909 3393 oriuntur
919 3351 1009 3415 quem
1023 3333 1160 3392 nubilem
1170 3337 1278 3394 JCtum

241 3426 321 3485 male
336 3423 428 3482 nobis
441 3423 645 3480 Grammatici
665 3425 697 3481 in
712 3421 782 3482 haec‘
795 3437 934 3502 tempora
949 3425 1103 3483 intrudere
1118 3425 1278 3498 videntur,

241 3537 270 3572 v.
285 3533 403 3592 argum.
419 3510 482 3570 Ecl.
498 3513 547 3570 Vl.
564 3513 592 3570 si
611 3527 716 3571 tamen
732 3515 803 3571 satis'
819 3535 850 3571 se
862 3514 900 3572 de
918 3527 1106 3593 quocunque
1120 3514 1183 3573 alio
1198 3515 1276 3572 Varo

241 3601 378 3660 narratio
402 3598 440 3658 de
459 3615 605 3677 agrorum¹
623 3601 866 3660 Mantuanorum
888 3605 1057 3660 metatione
1079 3600 1279 3680 probaverit,

241 3703 273 3748 et
284 3687 464 3768 luitaliquis
473 3688 572 3746 Varus
583 3689 715 3768 Virgilio
728 3693 947 3764 amicissimus,
960 3693 1016 3749 etsi
1030 3693 1097 3769 quis
1111 3690 1163 3748 ille
1176 3691 1278 3760 fuerit,-

243 3798 306 3838 non
325 3776 362 3834 ad
378 3775 533 3856 liquidum
550 3777 674 3856 perduci
694 3789 808 3859 potest,
819 3779 896 3857 (vid.
908 3765 1031 3839 Excurs.
1041 3781 1088 3853 ll,
1106 3778 1146 3838 ad
1158 3777 1276 3864 Bucol.)

242 3879 308 3924 tum
323 3864 400 3922 alius
417 3884 452 3922 ex
467 3865 612 3923 Serviano
630 3883 763 3926 centone
774 3867 859 3926 locus
879 3881 943 3926 non
958 3883 1021 3926 tam
1036 3861 1105 3925 falsi
1121 3867 1275 3926 convinci-

242 3965 310 4030 tur,
325 3951 400 4012 dum
419 3953 550 4012 innuere
567 3953 705 4034 videtur,
720 3956 823 4037 plures
839 3959 872 4016 in'
890 3958 928 4016 iis
940 3956 1120 4039 regionibns
1131 3950 1280 4016 Triumvb
1349 3943 1350 4014 J

1253 4054 1254 4068 l
1349 4053 1350 4081 l
