2704 4582
319 318 633 390 manaseas
658 318 750 382 Lm.
774 321 838 383 xr.
1040 329 1099 416 175

91 445 162 524 539.
174 441 318 504 Metabus
331 440 471 502 Camillae
484 453 570 521 pater
582 438 699 498 invidia
711 441 911 500 inimicorum
922 455 952 501 et
963 452 1102 524 potentia

51 534 162 614 pulsus
177 555 275 614 regno
291 545 352 604 est,
369 531 512 611 fugitque
527 549 562 587 ex
580 529 657 586 urbe
671 549 726 587 sua
744 526 908 590 Priverno:
925 533 1052 596 exilium
1068 551 1103 599 ut

52 619 181 686 leniret,
201 619 329 679 sustulit
347 637 450 676 secum
470 615 569 679 filiam
589 629 656 674 tum
676 614 951 699 infantem,quam
970 617 1103 686 amatre

53 712 203 770 Casnrilla
215 707 381 770 Camillam
393 707 524 766 vocavit.
537 704 640 764 Retuli
653 707 725 764 vires
736 706 869 787 superbos
878 709 916 768 ad
929 715 1103 791 potentiam·

55 798 214 874 hostiurm
227 801 407 878 passiacum
421 797 526 856 Servio
540 795 639 869 aliter,
649 797 725 876 quia
738 795 879 858 videlicet
891 801 955 880 ipse
964 801 1107 864 Metabus

55 891 185 971 superbe
198 889 431 949 dominabatur.
445 887 491 944 De
505 884 564 944 hoc
579 885 719 966 episodio
730 885 800 946 vide
813 889 984 950 Excursum
996 914 1105 955 secun·

57 979 146 1050 dum,
161 980 224 1038 vol,
238 979 290 1050 lV,
304 999 374 1058 pag.
389 995 461 1054 apo,
475 988 505 1033 et
519 987 609 1034 notas
620 995 690 1056 pag.
706 971 771 1055 249.

94 1065 164 1140 544.
175 1059 337 1126 Sententia
354 1062 448 1144 plena
459 1067 576 1138 addans,
593 1063 631 1121 ab
648 1061 828 1132 charissimo
843 1065 974 1145 pignore
988 1073 1105 1150 gestato

59 1157 89 1212 in
102 1159 190 1230 sinu3
205 1177 221 1212 a
237 1154 377 1214 solitaria
393 1152 466 1232 fuga
479 1173 535 1233 per
547 1171 677 1211 nemora
689 1166 718 1212 et
731 1165 850 1212 montes
860 1177 867 1227 3
879 1155 917 1212 ab
933 1154 1000 1216 telis
1013 1160 1106 1222 innu-

58 1246 149 1302 meris
165 1246 200 1302 in
212 1244 309 1301 vitam
323 1263 419 1300 unam
432 1241 608 1314 destinatis3
622 1241 782 1302 abmultis
794 1242 948 1303 militibus
960 1245 993 1303 in
1005 1243 1106 1308 honri-

58 1353 128 1391 nem
143 1347 173 1391 et
188 1331 379 1413 impeditum
392 1329 456 1390 filia
470 1328 700 1390 advolantibus.

97 1420 165 1504 547.
189 1424 238 1481 En
254 1420 356 1479 dirius
375 1420 495 1479 malum
514 1433 544 1478 et
563 1420 721 1480 acerbius:
743 1421 884 1502 pervenit
902 1421 940 1480 ad
960 1423 1107 1506 ilurimrr,

59 1513 110 1591 qui
122 1529 187 1589 prae
197 1509 347 1568 imbrium
357 1510 449 1589 copia
458 1508 649 1583 tumidus,et
659 1508 698 1566 ad
709 1529 950 1590 summissusque
959 1531 1108 1593 spumans

58 1600 139 1679 ripas
151 1599 262 1678 fugam
271 1596 421 1656 detinuit:
435 1595 537 1655 voluit
546 1600 577 1655 sb
586 1598 927 1673 natatuicommittere3
937 1600 992 1658 sed
999 1603 1108 1664 timuit

11 1697 12 1700 ’
59 1687 143 1743 oneri
166 1683 331 1756 infantili3
355 1683 481 1742 tandem
502 1697 575 1765 post
596 1683 717 1762 multa,
739 1705 808 1765 quae
828 1705 933 1746 secum
955 1691 1106 1769 versavit,

61 1795 156 1856 quum
168 1773 254 1834 nulli
270 1775 313 1833 rei
332 1775 553 1854 acquiesceret,
572 1774 644 1834 sedit
655 1777 803 1836 inanimo
820 1780 959 1837 sententia
977 1777 1053 1854 boec5
1070 1800 1106 1842 ac

60 1867 105 1923 vix
116 1863 203 1938 sedit,
215 1865 292 1922 adeo
302 1885 388 1924 mens
398 1863 524 1923 turbida
534 1885 542 1936 3
552 1878 582 1922 et
593 1863 687 1924 subito
695 1864 782 1940 sedit,
796 1867 882 1947 quasi
893 1867 996 1930 subito
1007 1870 1108 1930 Diana

60 1953 124 2033 ipsa
143 1952 228 2014 hanc
247 1954 470 2034 cogitationem
489 1955 684 2013 immisisset:
705 1957 1108 2042 itaquenondisringuen-

11 2083 12 2100 .
60 2042 133 2102 dnm
146 2057 220 2124 post
232 2063 339 2102 vocem
352 2043 462 2116 subito,
473 2043 524 2103 sed
538 2057 609 2103 ante
622 2045 719 2104 illam.
807 2082 812 2092 ·

11 2179 12 2202 ,
95 2133 166 2192 552.
185 2129 334 2190 Gestabat
352 2130 435 2190 forte.
445 2133 494 2190 vir
511 2130 636 2191 bellator
648 2129 737 2192 telum
751 2153 860 2205 ηιαηας
874 2147 905 2193 ct
920 2137 994 2214 quia
1010 2136 1108 2198 telum

59 2219 116 2280 boc
138 2225 284 2294 immune,
308 2221 379 2280 ideo
400 2243 492 2282 manu
510 2219 628 2281 valida:
651 2223 685 2280 in
706 2221 754 2282 bis
777 2224 861 2281 enim
881 2225 1019 2285 minimis
1040 2249 1107 2288 non

12 2383 13 2386 Ἴ
60 2309 139 2370 deest
150 2309 213 2370 sibi
229 2323 337 2392 poeta:
353 2325 417 2369 erat
431 2331 504 2370 vero
519 2310 580 2371 hoc
592 2309 690 2370 telum
706 2309 848 2385 solidum,
861 2324 927 2370 tum
943 2315 1106 2378 abnatura

62 2402 130 2478 quia
149 2399 309 2474 nodosam,
329 2412 398 2458 tum
416 2401 456 2460 ab
475 2414 555 2477 arte,
574 2403 648 2481 quia
669 2412 806 2460 coctum:
828 2401 1042 2482 materia-ejus
1065 2426 1109 2464 ro-

63 2487 155 2548 borea.

98 2579 166 2653 554.
187 2581 270 2659 Ergo
288 2578 407 2639 claudit
422 2593 532 2640 astam
551 2582 606 2658 (en
624 2577 808 2657 consilium]
822 2578 962 2662 sylvestri
981 2583 1108 2660 subere,

63 2669 254 2748 involvitque
267 2669 355 2728 libris
363 2683 394 2728 et
403 2669 570 2730 corticibus
581 2669 743 2745 arborum,
754 2669 885 2750 eamque
894 2669 1004 2731 mediae
1014 2671 1109 2734 hastae

64 2755 171 2836 illigat,
187 2755 330 2829 habilem,
344 2759 451 2833 idest,
465 2763 716 2832 εὐκατασκεύαστον,
733 2770 762 2815 et
775 2762 891 2820 εὐπλεκῆ.
908 2759 1035 2840 Explico
1048 2761 1111 2821 cla-

63 2846 137 2903 rius:
153 2843 264 2925 ligavit
279 2843 420 2917 habilem,
435 2845 465 2904 id
480 2859 538 2919 est,
551 2847 594 2903 ita
608 2844 731 2924 ligavit,
746 2857 781 2903 ut
792 2843 870 2902 bene
882 2865 912 2903 se
925 2844 1069 2906 haberet:
1083 2861 1114 2908 et

62 2951 227 2991 conversus
243 2931 281 2990 ad
296 2952 414 3011 preces,
430 2931 610 3013 libransque
622 2930 760 3004 hastam,
774 2930 912 3011 puellam
928 2932 1008 2992 mihi
1024 2955 1109 2993 com·

64 3019 206 3093 mandat,
220 3031 374 3098 vovetque
391 3021 424 3077 in
443 3019 613 3096 famulam,
631 3033 662 3080 et
678 3019 796 3100 potuit,
812 3019 885 3100 quia
898 3033 987 3099 pater.
1003 3023 1110 3100 Ratio,

63 3128 113 3166 cur
126 3107 207 3167 mibi
220 3129 286 3190 prae
301 3109 370 3167 aliis
382 3109 630 3184 commendaret,
643 3110 718 3189 quia
729 3109 806 3167 meis
823 3107 890 3167 telis
905 3106 1025 3188 illigata
1035 3109 1109 3182 hos·

64 3211 122 3254 tem
137 3197 276 3278 fugeret3
291 3211 322 3256 et
337 3199 418 3257 inter
432 3219 580 3274 nemora,
595 3218 664 3280 quae
680 3197 757 3256 mihi
772 3219 856 3256 sacra
869 3211 960 3256 sunt:
976 3219 1112 3282 ususque
1172 3249 1175 3254 .

63 3301 106 3346 est
124 3291 158 3348 in
181 3289 263 3349 facto
283 3286 343 3348 boc
365 3309 415 3348 me
436 3303 529 3364 teste,
547 3304 584 3348 ut
602 3288 809 3372 intelligerem
831 3309 905 3370 ego,
922 3309 988 3351 rem
1005 3290 1110 3367 illam,

65 3400 155 3458 quam
176 3380 375 3456 moliebatur,
393 3395 541 3440 nontam
559 3383 725 3441 temeritati
743 3379 996 3458 adscribendam,
1017 3405 1111 3464 quam

66 3463 229 3529 fiduciaein
242 3489 302 3526 me.

102 3558 168 3617 561.
185 3559 253 3616 Hoc
264 3578 363 3638 quum
375 3557 517 3633 dixisset,
531 3558 681 3618 lacertum
696 3557 823 3617 adduxit
835 3558 878 3638 ad·
887 3559 1035 3638 majorem
1050 3561 1110 3641 jac·

14 3659 15 3698 1
67 3655 111 3703 tus
131 3647 300 3728 impetum,
319 3647 440 3706 hastam
459 3651 611 3708 contorsit
630 3650 673 3706 ita
692 3645 811 3722 valide,
825 3662 860 3706 ut
877 3648 968 3708 undae
986 3671 1112 3734 quoque

95 3803 160 3872 547.
182 3806 261 3878 Fuqoe
278 3795 373 3858 medio.
394 3808 465 3858 Dum
483 3809 568 3880 fugit,
613 3807 1113 3864 numinterSenametTarracinamde-

72 3883 135 3933 iuter
151 3885 256 3956 lugam,
276 3905 338 3937 nam
356 3885 498 3958 figuratum
515 3900 568 3952 est,
613 3885 705 3938 iluens.
715 3887 1020 3953 -Abundans,inantt.
1030 3891 1111 3943 codd.

74 3974 100 4010 ut
117 3963 237 4016 «Laurus
250 3979 308 4018 erat
325 3969 389 4018 tecti
401 3966 522 4018 medio.»
541 3969 567 4020 S.
614 3965 780 4018 scribebatur
799 3985 859 4017 cum
881 3969 1042 4039 aspiratione
1066 3970 1113 4022 lra-
1191 3971 1194 3980 ’

73 4042 259 4099 -Amarenua
269 4046 378 4099 Flavius
388 4046 460 4116 apud
467 4048 569 4100 Priver-
614 4047 739 4113 bundans,
746 4059 775 4100 ut
780 4049 1112 4104 incitatiusenuutiaretur.
