2704 4582
232 317 274 384 92
432 377 439 393 Ι
561 297 942 369 oouunumura

232 419 315 476 enirn
327 417 381 478 diu
391 418 423 479 in
436 439 472 479 eo
483 417 576 479 dorso
588 417 742 494 haesisset3
756 437 829 479 nam
840 416 901 477 hoc
912 427 1143 492 estsnstentata;
1156 435 1198 477 ac
1212 415 1307 475 fluc-

232 519 281 564 tus
293 505 398 586 plures
411 509 578 589 exciperet,
592 527 666 566 nam
679 505 739 566 hoc
750 517 812 581 est,
820 505 1119 589 fluctuquesatiqat3
1134 503 1280 587 *factum
1294 545 1307 576 ,

233 608 269 654 ut
280 593 462 673 solveretur,
478 617 649 678 omnesque
663 598 694 655 in
707 597 799 656 undis
813 609 991 676 exponeret.

274 683 341 742 306.
357 686 410 744 Est
422 683 517 744 veluti
534 684 692 768 appendix
705 683 800 744 cladis
807 729 817 757 ,
839 705 855 743 a
872 681 1081 766 fragminibus
1097 701 1280 742 remorum
1297 703 1307 755 ;

233 792 250 830 a
264 775 404 832 transtris
417 773 656 851 fluctuantibus,
671 795 740 854 quae
755 775 862 833 omnia
875 793 979 833 moras
994 773 1176 832 faciebant:
1199 771 1307 830 unda

233 881 358 942 quoque
371 861 469 923 relabi
483 865 597 924 milites
608 864 760 939 faciebat,
775 861 1091 945 retrahebatquehuc
1105 861 1187 921 illoc
1205 860 1306 942 pede

234 971 298 1010 non
312 950 413 1013 firmo.

276 1041 345 1102 308.
366 1045 402 1102 ln
413 1045 519 1104 Turno
536 1044 632 1105 nullae
648 1057 724 1104 tunc
742 1061 855 1104 morte:
875 1043 973 1102 aciem
990 1055 1088 1101 totam
1104 1061 1143 1100 eo
1160 1041 1309 1122 rapuit;

237 1152 292 1190 nec
301 1131 407 1193 divisit
416 1134 549 1194 militem
559 1179 567 1209 ‚
577 1147 612 1194 ut
621 1137 826 1215 cogitaveram
837 1133 914 1192 adeo
924 1151 1073 1213 magnum
1083 1143 1306 1190 momentum

237 1221 357 1298 pulavit
372 1223 404 1280 in
417 1223 663 1304 praeoccupando
675 1222 783 1282 litore!

276 1311 343 1370 310.
359 1313 467 1373 AEneas
473 1310 539 1393 jam
551 1329 622 1373 suos
632 1313 829 1394 exposueram
838 1312 960 1369 Turnus
969 1305 1033 1389 jam
1044 1327 1117 1367 suos
1128 1309 1162 1364 in
1175 1325 1306 1365 occur-

239 1417 307 1456 sum
320 1399 509 1477 adduxerat,
525 1415 657 1482 agrestes
670 1402 830 1483 inprimis‚
844 1419 920 1480 quos
930 1419 965 1458 ex
976 1399 1056 1479 agris
1066 1397 1306 1476 conjunxerat.

237 1489 277 1546 ln
287 1487 346 1550 hos
359 1511 449 1571 ergo,
464 1506 538 1572 post
550 1506 737 1552 concentum
749 1491 914 1563 tubarum,
929 1487 964 1547 fit
976 1489 1096 1568 primus
1107 1487 1217 1544 AEneae
1232 1485 1305 1542 irn-

237 1591 343 1656 petus;
365 1581 474 1639 stravit
491 1579 618 1639 illorum
634 1580 768 1654 multos,
790 1580 823 1637 in
840 1576 889 1637 his
904 1575 1091 1636 Theronem.
1116 1575 1197 1632 Erat
1213 1571 1305 1632 huic

240 1667 355 1725 rustico
382 1687 494 1748 corpus
520 1670 709 1741 maximum,
740 1680 771 1725 et
796 1662 897 1744 major
918 1662 1063 1742 audacia,
1094 1661 1215 1742 quippe
1240 1662 1306 1740 qui

239 1753 365 1812 AEneam
380 1756 487 1834 petiit:
503 1755 555 1817 sed
567 1757 677 1814 AEneas
688 1752 783 1835 pleno
796 1754 859 1812 ictu
872 1748 1005 1812 confecit
1016 1748 1200 1822 hominem3
1215 1767 1304 1807 nam

207 1865 210 1872 ·
241 1837 345 1916 gladio
360 1840 482 1921 trajecit
493 1858 634 1918 scutum,
649 1841 734 1924 quod
751 1861 882 1913 aereum3
900 1840 1054 1912 tunicam,
1069 1857 1141 1918 quae
1154 1856 1236 1895 auro
1253 1837 1303 1894 ri-

241 1945 317 2005 gens
340 1942 370 1987 et
392 1931 612 2010 squalenspac
629 1931 755 1990 tandem
772 1929 853 1988 latus
870 1926 1009 1987 hominis
1025 1924 1211 2006 perforavit.
1233 1925 1304 1982 Ex·

241 2016 344 2096 pende
356 2018 478 2100 aliqua:
496 2023 604 2081 AEneas
619 2023 746 2104 primus,
769 2021 842 2100 quia
862 2031 933 2077 ante
946 2017 1024 2076 alios
1036 2033 1241 2096 progressus,
1268 2027 1306 2072 et

242 2123 446 2185 praegressus:
463 2109 536 2169 inde
548 2109 595 2168 illi
608 2129 640 2168 se
652 2107 777 2168 Theron
791 2107 955 2188 opposuit,
977 2104 1064 2186 quasi
1076 2101 1116 2161 ad
1133 2100 1304 2182 singulare

243 2187 397 2257 certamen
410 2221 416 2256 :
433 2199 477 2259 ait
486 2221 572 2260 omen
582 2219 704 2282 puqnae,
720 2199 809 2280 quia,
822 2211 858 2257 ut
870 2195 920 2255 hic
931 2196 1048 2268 victor,
1058 2194 1103 2252 ita
1116 2189 1194 2250 alibi
1210 2211 1303 2250 sem-

242 2303 299 2362 per
311 2287 430 2348 vincet:
448 2291 480 2348 in
495 2302 582 2350 scuto
595 2308 673 2350 aereo
686 2286 830 2367 trajecto,
851 2289 885 2345 in
896 2285 1002 2345 tunica
1019 2301 1087 2364 quae
1106 2301 1185 2340 auro
1202 2299 1303 2360 squa-

243 2372 344 2448 lebat,
358 2377 510 2440 attollitur
522 2382 620 2440 virtus
633 2377 837 2438 brachiorum
849 2375 960 2435 AEneae.

284 2461 351 2522 315.
365 2467 519 2527 Secundus
531 2469 633 2527 AEneae
645 2468 722 2526 ictus
735 2466 911 2525 destinatus
924 2464 956 2520 in
969 2461 1082 2540 Lycum
1093 2480 1100 2516 :
1116 2472 1225 2517 narrat
1236 2455 1302 2516 hu-

242 2547 294 2625 jus
309 2570 503 2614 successum:
524 2557 643 2615 latebat
654 2553 704 2614 hic
717 2557 750 2612 in
761 2569 851 2612 utero
865 2551 972 2610 matris
985 2547 1052 2629 jam
1067 2559 1218 2621 mortuae‚
1239 2546 1302 2605 sed

246 2651 399 2700 extractus
418 2658 464 2703 est
482 2658 564 2704 secto
584 2658 691 2718 uter03
713 2642 771 2702 hos
786 2643 890 2702 Latini
908 2653 1044 2701 exsectos
1064 2647 1197 2695 vocant:
1220 2637 1320 2696 inde-

246 2731 430 2806 conquestio
442 2734 583 2811 poetica:
599 2732 690 2790 licuit
703 2753 758 2812 per
770 2730 833 2788 fata
844 2729 934 2802 huic,
952 2745 1064 2808 parvus
1080 2744 1180 2804 quum
1196 2737 1301 2798 esset,

225 2841 228 2844 ·
247 2812 363 2875 ferrum
376 2819 521 2894 evadere,
537 2842 599 2901 quo
611 2833 691 2879 secta
704 2835 748 2879 est
760 2833 876 2879 mater:
892 2833 923 2877 et
934 2839 1000 2876 non
1012 2813 1100 2872 licuit
1107 2813 1174 2892 jam
1184 2811 1301 2892 juveni

248 2901 379 2964 evadere
388 2907 491 2967 AEneae
502 2908 629 2968 ferrum.
642 2909 723 2967 vide
736 2927 832 2989 quam
847 2908 1027 2986 importuna
1042 2918 1122 2982 saepe
1132 2901 1215 2960 fata!
1231 2899 1301 2959 Cur

248 2992 345 3072 Lycas
357 3015 441 3055 sacer
457 2995 594 3072 Phoebo,
619 2999 691 3078 quia
711 2998 765 3078 qui
785 2994 942 3078 prodeunt
960 3004 1039 3052 secto
1058 2991 1168 3049 matris
1187 3003 1300 3066 utero,

250 3079 489 3144 Deo-Medicinae
504 3097 737 3144 consecrantur.

285 3223 345 3273 312.
365 3225 488 3279 Therone.
504 3229 561 3279 Hoc
578 3246 675 3278 nomen
688 3239 749 3278 tan·
792 3237 888 3299 putant
904 3248 910 3276 ε
931 3242 1013 3295 quum
1024 3223 1095 3274 enim
1108 3239 1124 3272 a
1137 3219 1222 3274 latere
1235 3221 1299 3290 quis

252 3315 307 3351 tum
317 3303 344 3352 in
354 3303 468 3356 Pindaro
479 3307 577 3372 lectum
586 3306 748 3358 estzetbene
794 3307 911 3376 aliquem
934 3303 1042 3356 adortus
1066 3300 1158 3373 gladio
1180 3299 1299 3366 occidit,

252 3383 278 3430 in
288 3380 417 3434 honorem
425 3388 532 3438 victoris
540 3389 639 3437 victum
647 3383 748 3436 laudat.
795 3385 881 3437 hausit
890 3383 966 3436 illum
979 3383 1081 3434 dicunt.
1093 3382 1165 3434 Serv.
1174 3380 1298 3430 —Latus

253 3461 321 3512 Serv.
335 3492 369 3500 -—
381 3462 444 3515 Stat.
455 3462 539 3518 Theb.
553 3469 590 3531 11,
605 3466 749 3517 Theronem
795 3466 895 3531 haurit,
917 3468 980 3536 quia
1000 3464 1107 3535 sanguis
1127 3463 1188 3513 exit.
1208 3461 1298 3510 Meta·

242 3541 395 3611 *quemdam
405 3544 521 3612 inducit,
534 3550 608 3616 cu'jus
622 3549 664 3599 avi
675 3547 750 3596 fuere
794 3546 882 3618 phora
892 3545 926 3596 ab
938 3544 1042 3596 utribus
1054 3555 1080 3594 et
1093 3541 1187 3607 doliis,
1207 3560 1223 3592 e
1237 3540 1298 3609 qui-

254 3625 387 3694 terrigeni.
399 3626 440 3675 An
451 3630 529 3678 traxit
537 3647 568 3680 ex
575 3629 696 3700 Virgilio,
705 3629 751 3697 qui
794 3626 845 3677 hus
863 3626 954 3674 vinum
971 3621 1117 3674 extrahitur
1133 3622 1207 3672 facto
1224 3621 1297 3670 fora·

257 3702 399 3754 Theronem
410 3722 486 3755 suurn
494 3709 559 3758 facit
568 3707 711 3758 rusticum?
723 3709 750 3758 C.
795 3706 874 3757 mine.
888 3701 956 3753 Scal.
970 3703 1014 3767 w,
1029 3701 1067 3752 16.
1078 3701 1111 3750 Et
1121 3713 1199 3752 notat
1208 3699 1296 3750 Germ.

293 3782 352 3847 314.
367 3784 471 3835 Haurit.
488 3785 570 3836 Modo
577 3787 644 3858 ferit
653 3785 751 3858 signifi·
795 3783 908 3846 Valens,
928 3783 1072 3833 Homerum
1087 3777 1183 3832 eadem
1196 3775 1298 3850 srgnifi-

257 3873 318 3914 cat:
335 3880 390 3914 non
403 3864 505 3917 nudum
519 3866 601 3934 latus,
620 3867 668 3918 sed
680 3865 754 3938 quod
798 3866 903 3917 catione
918 3880 1048 3934 usurpare
1062 3878 1140 3912 suum
1157 3856 1248 3920 dederi,
1267 3857 1295 3908 ll.

259 3956 399 4010 aperuerat
410 3966 415 3994 ι
434 3957 460 3996 et
471 3958 580 4014 putatur
593 3944 754 4014 irrumpier·
798 3952 816 3996 P
833 3955 859 3994 et
875 3949 909 4003 Ξ,
930 3937 971 3993 td
982 3941 1006 3990 δ’
1020 3940 1096 4010 incipe
1106 3936 1196 4006 χαλκδς
1205 3933 1296 3998 Ἠφνσ’.

258 4041 309 4089 pu:
326 4021 434 4090 quidam
448 4023 567 4077 Italicam
578 4025 755 4079 elocutionem
799 4023 916 4089 Nonius,
928 4021 1055 4095 confodit«
