2720 4588
353 310 405 372 lN
429 307 665 375 AEnsslnos
688 309 782 375 Llli.
807 314 893 378 XII.
1082 321 1141 385 231

104 427 190 507 nigra
204 430 394 510 pervolitare
403 430 642 512 diligentissime
649 430 897 512 alicujusdivitis
904 438 978 497 edes
983 481 992 512 ,
1003 437 1148 501 videlicet

103 517 175 575 arria
187 529 217 576 ct
225 520 370 600 porticus,
387 531 441 578 aut
455 520 549 579 etiam
563 516 685 580 humida
697 533 816 602 staqnc,
832 535 865 581 ut
876 539 994 604 querat
1004 525 1146 608 legatque

104 603 220 682 pabula
233 609 295 668 suis
309 607 421 690 pullis:
436 607 505 670 talis
517 610 652 670 Juturaa
664 609 848 691 permedios
861 610 963 674 hostes·
976 613 1147 691 ferebatur,

104 691 274 777 obibatque
288 720 382 758 curru
395 711 426 760 et
437 700 526 781 equis
536 698 605 760 loca
615 699 737 774 omnia,
749 713 910 762 ostentans
920 703 986 785 jam
1000 703 1066 782 hie,
1079 705 1145 788 jam

104 781 176 842 alibi
191 799 339 848 ovantem
362 801 565 870 germanum,
583 788 790 871 edentemque
805 792 908 851 varias
920 808 1057 876 strages:
1079 811 1146 856 tan-

105 883 168 931 tum
183 875 315 938 cavebat
329 900 347 938 a
361 899 528 961 conpressu
539 879 660 952 AEuee,
675 879 865 960 pervolitans
882 881 1002 945 diversa
1017 885 1087 947 loca
1106 887 1144 946 ab

104 959 179 1040 illis,
194 968 228 1026 in
241 966 357 1050 quibus
367 969 477 1030 AEneas
489 969 680 1029 versabatur.

139 1049 209 1127 480.
221 1057 350 1118 Dixerat
358 1060 454 1119 Turni
469 1059 628 1119 discursus
641 1077 697 1141 per
708 1061 795 1134 avia,
810 1059 905 1140 idque
916 1061 991 1122 dolo
1003 1065 1146 1124 Juturne

102 1145 242 1206 caventis
255 1143 457 1228 congressum
477 1146 582 1208 fratris
600 1167 669 1208 cum
690 1149 799 1208 AEnea:
812 1145 879 1229 jam
890 1162 1002 1209 contra
1018 1149 1148 1211 adhibet

21 1293 22 1308 χ
103 1229 205 1293 AEneae
223 1235 256 1296 in
277 1236 334 1298 illo
354 1236 575 1319 investigando
594 1237 805 1318 diligentiam,
825 1257 903 1318 qua,
923 1239 1146 1321 compendiosa
1213 1254 1215 1258 ’

20 1315 22 1372 ἶ
103 1333 223 1400 semper
240 1325 307 1404 via,
321 1324 417 1386 dabat
439 1345 470 1386 se
488 1327 596 1385 Turno
615 1325 764 1401 obvium,
781 1339 935 1386 errantem
954 1329 1147 1408 praeveniens

19 1481 20 1494 χ
103 1417 133 1464 et
144 1407 294 1494 ambages
305 1412 391 1476 illius
405 1414 551 1474 cludens:
564 1431 667 1495 neque
684 1413 745 1475 boc
761 1428 941 1490 contentus,
961 1433 1036 1476 voce
1052 1417 1146 1476 etiam

19 1507 20 1522 ¹
100 1511 214 1576 magna
233 1497 324 1560 illum
340 1502 543 1563 inclamabat.
563 1501 622 1562 Sed
641 1522 676 1562 ea
694 1515 761 1562 erat
779 1504 921 1563 Juturnae
941 1505 975 1563 in
994 1503 1147 1564 servando

100 1579 193 1647 fratre
208 1590 385 1670 vigilantia,
399 1605 434 1652 ut
447 1593 570 1674 quoties
582 1593 692 1652 AEucas
702 1593 753 1652 vel
766 1592 876 1652 oculos
890 1595 926 1652 in
938 1592 1062 1654 hostem
1074 1611 1146 1654 con·

100 1667 221 1750 jecerit,
239 1679 289 1738 vel
308 1677 445 1740 voluerit
460 1679 570 1761 fugam
589 1699 742 1760 equorum
757 1679 855 1740 Turni
872 1680 1039 1762 impedire,
1054 1681 1146 1742 toties

101 1757 155 1822 illa
165 1759 306 1827 habenas
319 1769 458 1842 torseri13
470 1769 568 1828 immo
581 1770 736 1840 retorserit,
749 1768 824 1849 quia
838 1765 1014 1848 frequenter
1025 1767 1097 1828 hoc.

136 1848 207 1925 486.
222 1858 341 1918 rEstuat
352 1856 415 1919 hcc
425 1877 529 1918 rerum
544 1857 679 1918 articulo
687 1857 811 1933 AEuess,
821 1873 919 1938 quam
932 1857 1055 1919 hostem
1065 1855 1147 1917 debi

100 1947 164 1996 tum
177 1955 311 2025 nequeat
326 1947 463 2026 assequi,
477 1959 506 2004 et
522 1959 627 2004 tamen
640 1943 794 2019 aliorum,
806 1963 885 2025 quos
896 1946 963 2026 ipse
977 1945 1079 2006 hostes
1092 1965 1146 2005 no·

50 2045 52 2051 ·
100 2023 202 2105 lebat,
215 2032 283 2094 telis
293 2048 325 2094 et
337 2055 491 2096 concursu
501 2033 668 2096 invadatur
680 2057 687 2094 ι
701 2034 793 2094 nulla.
805 2036 892 2094 enim
903 2033 1005 2116 major
1018 2034 1147 2116 800100-

100 2115 199 2179 buudi
212 2123 334 2184 consilii
344 2117 483 2186 'occasio'

133 2202 204 2280 488.
218 2209 323 2286 Quum
340 2214 383 2272 ita
396 2211 449 2274 ille
465 2211 656 2274 dubitandus
673 2209 826 2284 hereret,
839 2212 1001 2293 Messapus
1020 2211 1142 2271 hastam

82 2373 86 2382 Ι
101 2314 195 2356 unam
206 2300 217 2377 (
225 2299 383 2382 duplicem
393 2304 513 2384 quippe
523 2301 677 2382 gestabat)
684 2302 718 2360 in
735 2302 849 2360 AEnean
863 2315 949 2362 certo
961 2303 1023 2360 ictu
1033 2301 1149 2367 direxit

100 2396 129 2442 et
140 2392 300 2451 contorsit.
312 2393 422 2452 AEneas
438 2391 519 2452 vidit
532 2392 645 2466 telum,
659 2411 694 2450 ac
711 2388 815 2448 subito
828 2387 982 2463 substitit,
994 2402 1024 2448 et
1036 2408 1100 2450 sese
1113 2391 1146 2447 in

98 2471 240 2556 clypeum
259 2479 410 2563 colligens
432 2481 567 2542 subsidit
585 2480 724 2562 poplite:
748 2480 853 2559 itaque
874 2477 962 2540 hasta
981 2493 1147 2560 praetervo-

98 2555 166 2622 lans
177 2567 298 2645 apicem
315 2580 439 2630 tantum
455 2569 553 2650 galeas
566 2567 656 2646 tulit,
672 2580 703 2630 et
721 2569 869 2645 excussit,
886 2567 971 2650 quod
986 2584 1144 2632 summum

99 2667 129 2707 m
142 2655 244 2713 cristis
253 2671 329 2718 erat.

135 2735 206 2822 494.
219 2746 287 2805 Hoc
299 2759 411 2808 eventu
423 2745 496 2806 data
505 2745 571 2827 jam
582 2748 703 2818 occasio
713 2745 812 2806 furori
821 2746 940 2808 AEneae:
954 2765 1051 2827 quum
1062 2745 1146 2804 enim

101 2832 270 2894 manifesto
285 2835 417 2897 insidias
427 2837 559 2912 videret,
573 2829 689 2918 quibus
704 2837 801 2896 Turni
816 2835 975 2924 currpsin
989 2835 1147 2894 diversum

101 2917 330 3001 abripiebatur,
357 2936 388 2984 et
408 2944 440 2984 se
458 2925 522 3006 pcti
544 2923 670 2984 aliunde
689 2935 840 2995 caneret,
859 2921 1039 2984 terribiliter
1053 2920 1148 3000 coepit

98 3025 154 3086 per
164 3007 285 3070 medios
295 3015 417 3086 saevire,
430 3032 467 3072 ac
479 3011 602 3072 solvens
617 3030 728 3070 omnes
739 3012 858 3069 irarum
869 3007 1010 3068 habenas
1018 3050 1028 3081 ,
1037 3027 1145 3088 quem·

99 3113 223 3182 cunque
232 3097 361 3160 obvium
372 3097 505 3176 habuit,
519 3097 636 3180 absque
651 3097 717 3160 ullo
731 3097 909 3158 discrimine
922 3093 1147 3166 obtruncabat,

100 3183 249 3264 praefatus
267 3190 371 3270 prius,
389 3208 426 3263 ac
445 3199 571 3249 testatus
590 3192 717 3262 lovem,
737 3209 767 3248 se
786 3187 818 3248 id
836 3187 953 3260 facere,
972 3186 1048 3265 quia
1067 3183 1147 3246 lesa

100 3293 160 3334 arae
171 3273 310 3336 foederis.
321 3277 358 3337 ln
369 3275 459 3338 nullo
469 3275 574 3336 delicit
583 3278 855 3359 Virgiliusmcque
867 3273 956 3338 aliter
966 3274 1145 3334 saevientem

100 3361 213 3422 AEnean
227 3361 355 3440 faceret,
370 3367 431 3426 nisi
445 3364 505 3425 hcc
520 3367 660 3426 cavisset·

139 3453 206 3513 500.
220 3454 326 3530 Putat,
339 3477 405 3516 uon
416 3476 448 3516 se
461 3456 532 3528 satis
542 3477 607 3516 esse
620 3455 658 3516 ad
678 3451 881 3514 describenda
895 3451 1004 3512 acerba
1020 3451 1148 3526 funera,

100 3538 198 3600 caedes
207 3538 359 3618 diversas,
378 3543 539 3602 variorum
553 3543 670 3603 ducum
682 3541 805 3616 obitus,
823 3540 1001 3620 molemque
1014 3539 1150 3614 irarum,

101 3628 215 3706 quibus
228 3631 353 3690 Turnus
370 3644 401 3690 et
412 3631 522 3691 AEneas
540 3631 673 3690 invicem
684 3642 759 3689 tunc
774 3629 943 3688 savierint:
960 3625 1033 3686 inde
1044 3626 1146 3686 Deum

102 3713 247 3791 advocat,
267 3720 321 3800 qui
338 3719 396 3780 sibi
410 3718 468 3780 has
488 3719 583 3781 dictet
596 3718 715 3794 clades,
733 3737 961 3797 conversusque
980 3715 1019 3776 ad
1035 3717 1145 3776 Jovem

134 3883 194 3954 474.
205 3879 340 3939 Pervolat,
350 3885 401 3940 Per
409 3879 520 3961 magnas
530 3881 599 3943 ardes
680 3889 741 3958 ⁴97·
749 3881 850 3939 Medios
854 3908 863 3948 ;
873 3885 902 3938 id
912 3897 961 3950 est,
973 3883 1018 3953 qui
1027 3883 1096 3962 in'ter
1105 3885 1145 3954 ip·

99 3961 186 4014 volat:
202 3983 264 4016 narn
276 3961 352 4018 more
366 3985 414 4020 suc
431 3965 506 4022 dedit
517 3969 600 4022 verbo
646 3987 704 4022 sum
719 3979 873 4039 sequentem
886 3978 912 4017 et
924 3964 1070 4035 fugientem
1082 3957 1147 4013 Tur-

102 4039 249 4118 detractam
260 4048 364 4100 nomini
375 4045 600 4122 prepositionem.
649 4045 802 4101 nummedii
815 4045 848 4100 de
859 4039 982 4099 hostibus
992 4051 1077 4095 erant.
1088 4041 1115 4095 8.
