2720 4588
253 313 315 408 ιρι
580 294 965 378 conuenienti

288 443 355 525 872.
371 443 448 502 Ecce
459 451 529 542 post
540 436 649 520 fugam
661 438 805 496 miserum
817 434 1007 496 Rutulorum
1020 440 1210 501 exsultantes
1223 443 1301 502 Tro-

245 531 353 614 jeuos:
348 533 486 590 instant
500 529 551 588 isti
566 531 715 602 victores,
732 539 761 586 et
775 524 896 588 lethum
908 524 1013 588 lerunt
1028 529 1185 605 iracundi3
1204 553 1301 592 nemo

247 624 430 684 Latinorum
442 619 514 679 illos
524 620 670 694 sustinet
686 637 805 678 nemini
816 619 887 677 satis
897 637 1013 678 virium
1024 619 1063 678 nd
1073 622 1302 698 resistendum,

248 713 327 772 adeo
339 710 462 772 fortiter
472 707 622 790 Trojeni'
614 709 853 791 impressionem
869 706 1026 769 fecerunt!
1045 711 1130 788 Quin
1145 715 1274 773 omnia
1265 735 1301 772 ιιι

247 802 367 864 Latinis
379 813 466 859 erent
478 795 649 874 imbecilla3
667 819 741 857 nem
756 797 896 856 membru
914 798 1080 878 languida,
1099 815 1129 861 et
1147 823 1238 862 arcus
1253 824 1303 863 re·

248 891 353 950 missi:
374 909 456 949 unus
475 902 599 948 tentum
621 904 774 968 equorum
789 896 900 949 cursus
918 887 1074 964 intentus,
1094 891 1206 973 quibus
1225 891 1301 952 freti

248 979 447 1061 adspirabent
461 976 656 1038 adsalutem.

287 1069 355 1148 876.
376 1067 525 1148 Sequitur
538 1063 656 1145 pulvis,
679 1065 735 1144 qui
755 1063 946 1122 necessarius
958 1083 1061 1123 comes
1082 1063 1178 1146 fugae3
1201 1080 1233 1126 et
1247 1066 1303 1128 bic

151 1229 153 1234 Α
247 1159 291 1217 its
303 1154 437 1230 multus,
447 1169 484 1214 ut
495 1154 663 1235 caliginem
674 1167 704 1210 et
713 1164 839 1210 noctem·
850 1149 976 1211 referret
988 1173 995 1210 z
1010 1155 1169 1234 augebant
1180 1156 1305 1232 malum

246 1244 371 1304 feminae
384 1262 532 1324 percussu
545 1249 724 1321 pectorum,
739 1237 874 1297 clamore
886 1250 1000 1298 vocum
1013 1261 1020 1296 ι
1036 1260 1053 1298 e
1066 1241 1307 1322 speculisenim

247 1331 415 1392 cernebant
429 1348 559 1390 suorum
576 1327 702 1430 fugem:
725 1327 830 1406 itaque
847 1345 938 1385 cause
959 1327 1094 1410 ingentis
1110 1327 1306 1391 turbationis

246 1420 352 1482 luere'
345 1423 471 1503 ipsimet
482 1417 585 1478 Latini
593 1418 671 1498 ,qui
683 1435 741 1477 sua
751 1415 865 1496 fuga
840 1435 921 1475 cives
933 1429 1119 1476 terruerunt.

288 1515 356 1596 879.
371 1509 571 1590 Prosequitur
584 1519 676 1594 poeta
690 1507 942 1566 circumstantias
955 1505 1048 1588 hujus
1063 1505 1161 1587 fugae,
1176 1523 1207 1568 et
1220 1523 1306 1571 atro-

246 1623 314 1662 cem
331 1599 554 1671 calamitatem,
576 1617 645 1676 quae
660 1596 810 1655 comitata
825 1609 869 1654 est
887 1593 1014 1676 fugem:
1035 1597 1089 1677 qui
1104 1598 1200 1678 primi
1215 1599 1307 1660 Lati·

247 1709 360 1750 norum
382 1685 421 1745 ed
436 1681 547 1745 urbem
565 1682 727 1765 fugerunt,
750 1684 870 1742 etiamsi
891 1697 1005 1764 epertae
1023 1695 1123 1742 essent
1140 1695 1242 1764 portae
1260 1686 1304 1744 ad

196 1813 201 1818 -
246 1789 420 1858 receptum,
432 1795 495 1833 non
507 1787 613 1834 temen
624 1772 696 1832 ldeo
706 1779 839 1832 mortem
850 1774 1010 1832 vitarunt
1024 1793 1098 1831 nam
1110 1793 1145 1832 ea
1156 1772 1304 1834 hostium

247 1865 439 1927 multitudo'
422 1864 564 1968 ,membr
574 1877 610 1923 ut
620 1864 652 1922 in
663 1865 732 1944 ipso
742 1862 886 1938 limine,
878 1883 910 1921 ιιι
922 1863 999 1944 ipsis
1008 1859 1074 1942 jem
1087 1864 1260 1940 moenibus,
1272 1883 1306 1926 et

202 1983 207 1990 ·
247 1954 377 2016 adhuc
369 1976 402 2013 ιιι
419 1975 494 2035 ipsis
509 1952 672 2028 domibus,
693 1953 748 2012 ub1
762 1965 845 2013 tutos
860 1973 893 2012 se
908 1951 976 2012 fore
989 1953 1159 2034 putabunt,
1180 1912 1305 2014 occide·

172 2036 174 2040 ⁷
245 2059 365 2107 rentur.
384 2042 503 2104 Accidit
524 2042 610 2102 aliud
630 2042 884 2116 incommodum
906 2063 981 2101 nam
1000 2045 1120 2118 Latini,¹
1139 2065 1179 2103 ne
1197 2043 1305 2106 hostes

247 2137 472 2216 irrumperent,
494 2145 609 2214 portus
620 2129 772 2206 clausere3
793 2150 856 2214 quo
871 2130 990 2190 fectum
1007 2146 1066 2208 est,
1086 2144 1120 2191 ut
1133 2133 1227 2210 etiam
1243 2134 1306 2214 ipsi

247 2226 328 2285 cives
340 2221 596 2298 excluderentur,
614 2221 700 2282 unde
714 2233 782 2281 orta
802 2222 912 2302 ingens
929 2222 1044 2296 credes,
1064 2235 1094 2280 et
1113 2221 1305 2282 miserrima.

248 2310 371 2373 Illud
337 2331 447 2393 ,timue
458 2330 543 2368 anna
557 2321 706 2384 ruentum,
721 2311 815 2369 etiarn
828 2308 867 2368 de
881 2309 1000 2368 Latinis
1013 2311 1133 2390 accipe:
1149 2309 1203 2388 qui
1216 2309 1306 2367 enim

248 2401 351 2463 editus
361 2398 584 2474 defendebant,
596 2416 667 2459 suos
678 2401 770 2459 etiem
780 2397 933 2460 feriebant
942 2411 1068 2458 ruentes
1079 2397 1118 2460 ad
1128 2399 1305 2480 receptum,

250 2513 285 2550 ac
296 2489 450 2571 proinde
443 2509 476 2546 in
488 2507 616 2548 suorum
630 2507 726 2546 arms.

289 2579 358 2657 887
367 2574 584 2634 Miserundum
592 2574 763 2634 admodum
771 2576 863 2642 ιιιιθιςΙ
877 2562 1221 2634 excludebanturmulti
1232 2587 1306 2632 ante

249 2661 358 2722 oculos
373 2673 403 2720 et
417 2682 471 2722 ora
483 2667 617 2721 suorum
630 2661 815 2762 parentum:
838 2675 868 2722 et
880 2661 929 2722 vel
944 2657 1118 2744 ptoecipites
1130 2657 1307 2720 volveban-

249 2762 300 2809 tur
314 2752 346 2808 in
360 2747 471 2822 fossjae,
485 2747 534 2808 vel
547 2750 621 2809 caeci
633 2751 730 2808 instar
744 2751 900 2831 pecudum
915 2747 1156 2831 impingebant
1148 2769 1181 2807 in
1196 2761 1306 2829 portas

249 2859 365 2920 magno
378 2859 531 2920 equorum
547 2837 642 2900 deleti
657 2841 793 2922 impetu3
815 2840 892 2900 adeo
905 2839 1044 2900 remedie
1057 2840 1164 2898 omnia
1176 2837 1305 2912 salutis,

249 2927 370 2988 etiamsi
380 2927 502 2997 inania,
512 2928 610 2988 immo
620 2948 693 2988 curn
702 2930 807 3001 exitio,
819 2927 1003 2987 dominante
1011 2923 1304 3008 quaerebantmetu!

292 3015 361 3093 891.
374 3013 446 3071 Non
456 3011 558 3073 defuit
567 3013 708 3090 feminis,
721 3035 819 3095 quum
829 3017 903 3076 viris
913 3015 1033 3076 deesset
1045 3015 1167 3088 animus
1178 3036 1185 3070 :
1197 3014 1306 3094 itaque

252 3125 351 3186 quum
364 3117 523 3162 summurn
535 3101 615 3163 illud
628 3116 657 3163 et
671 3118 845 3164 extremum
859 3117 1008 3187 putarent
1022 3124 1086 3164 esse
1100 3117 1273 3176 certamen,
1289 3125 1305 3162 e

251 3194 349 3253 muris
363 3189 424 3250 tela
439 3189 617 3265 devolvere,
632 3213 774 3274 pugnare
786 3195 910 3269 acriter,
925 3193 1075 3254 festinare
1087 3194 1203 3266 omnia,
1220 3193 1304 3252 mori

286 3312 347 3382 875.
375 3312 629 3385 Quadrupedumque
649 3327 752 3386 putrem
797 3319 855 3369 AEn.
869 3318 890 3383 l,
901 3318 962 3387 478,
972 3314 1113 3387 produxit,
1128 3331 1229 3366 «verse
1240 3314 1303 3386 pul-

248 3409 323 3444 cursu
343 3391 430 3462 quatit
449 3391 549 3462 unqula
571 3409 701 3465 eampum.
721 3398 752 3446 ln
797 3395 836 3448 vis
848 3395 1005 3446 inscribitur
1017 3393 1103 3443 haste.
1116 3415 1127 3437 n
1141 3392 1214 3443 Serv.

248 3473 369 3524 Romano
382 3469 475 3522 codiee
489 3471 576 3543 legere
592 3487 644 3539 est,
661 3493 751 3545 «qua-
833 3475 892 3527 888.
912 3473 1059 3543 Proecipites
1071 3472 1165 3543 fossus.
1184 3475 1216 3526 ln
1235 3493 1302 3545 quas

249 3549 422 3628 dripedoque
438 3563 544 3620 putrem
564 3571 644 3605 cursu
665 3557 752 3625 quatit
797 3557 856 3626 quis
876 3565 966 3626 potest
984 3553 1157 3626 precipitari.
1178 3555 1249 3608 Seru.
1265 3585 1301 3594 -
1349 3547 1350 3550 ¹

249 3629 520 3702 ungulecampum.
510 3631 689 3701 AEmulntur
705 3633 750 3687 hic
801 3636 911 3708 Urqente
923 3652 1007 3684 mena
1017 3632 1192 3686 Multitudine
1203 3647 1230 3686 et
1241 3655 1303 3687 mo

247 3723 330 3783 poete
346 3721 484 3762 naturam:
502 3723 529 3762 et
542 3713 609 3764 tales
623 3731 715 3766 versus
734 3733 750 3766 a
796 3714 821 3766 le
833 3711 987 3764 cedentium
997 3699 1160 3782 impellente
1176 3714 1288 3766 Taubm.

246 3789 537 3843 Critieisnominuntur
549 3789 650 3857 Qmmi
659 3791 750 3861 μέτρα,
831 3793 891 3861 892.
911 3793 1043 3843 Monstrat
1058 3810 1134 3843 amor
1148 3811 1229 3844 verus.
1246 3796 1301 3863 Qui

247 3869 355 3940 prolatu
370 3867 498 3921 difficilia.
512 3870 580 3922 Vide
590 3885 617 3923 et
616 3871 747 3924 Macrob.
796 3882 908 3943 nppnret
924 3872 952 3922 in
972 3869 1099 3922 adversis.
1112 3899 1147 3911 -
1165 3872 1201 3924 Ut
1214 3873 1302 3924 videre

247 3949 296 4014 VI,
313 3966 322 4000 1
337 3971 343 4000 ι
357 3959 383 3999 et
393 3965 475 4024 supra
486 3949 560 4016 VllI,
574 3949 636 4019 596.
796 3947 944 4002 Camillam.
957 3949 1065 4002 Scilicet
1076 3967 1134 4022 quer
1146 3967 1198 4022 pro
1209 3951 1300 4004 aliena

284 4027 345 4098 877.
357 4027 456 4079 Pulvis.
466 4029 515 4080 Hic
525 4030 667 4101 corripuit;
682 4044 710 4082 at
720 4029 750 4082 in
793 4031 881 4101 patrie
893 4029 1021 4084 cecidisse
1034 4030 1194 4096 yideture·
1203 4031 1298 4102 Turpi·
1348 4091 1349 4100 ἵ
