2704 4582
33 348 35 406 t
341 331 391 393 IN
417 316 652 392 AENEIDOS
676 325 768 388 LIB.
793 326 832 386 Χ.
1046 327 1103 391 103

31 439 33 542 l
71 449 182 510 exitium
195 453 375 512 imminere
388 455 538 511 Turno...
555 451 628 508 Haec
643 467 739 528 quum
752 446 891 517 dixisset,
911 443 1017 504 oculos
1033 448 1105 507 inde
1169 430 1171 435 ¹

72 542 174 598 avertit.

100 622 161 706 474.
179 630 373 688 Memineris
392 627 616 710 supradictum
635 624 672 684 de
690 621 845 696 Pallante,
865 624 905 680 r're
916 623 1013 702 prior:
1033 642 1104 702 ergo

69 710 120 790 jam
129 719 160 775 in
168 719 329 780 conflictu
340 718 463 778 hastam
470 717 560 799 jacit,
573 727 739 794 antequam
749 716 870 771 Turnus
878 757 890 787 ,.
898 724 927 770 et
937 731 998 792 qua
1008 713 1110 792 potuit

70 801 108 875 vi,
125 823 194 864 mox
211 808 364 888 gladium
383 809 512 880 eximit-3¹
527 807 624 864 immo
642 803 755 884 diripit,
778 821 841 882 quo
859 799 954 859 verbo
973 797 1109 858 indicata

72 892 239 956 celeritaset
251 897 446 978 prudentia,
460 917 501 956 ne
509 895 592 977 jacto
604 893 665 952 telo
679 893 803 950 inermis
816 900 901 950 esset.

100 976 161 1060 476.
182 985 356 1044 Sententia·
369 996 431 1059 est,
451 983 573 1042 hastam
590 979 739 1040 Pallantis
753 976 896 1037 incidisse
913 979 946 1034 in
961 989 1109 1034 extremas

73 1085 128 1126 oras
137 1068 255 1152 clypei3
267 1086 305 1132 et
313 1070 555 1132 illicdifficulter
565 1067 764 1128 viam-fecisse
775 1064 814 1124 ad
822 1065 919 1123 Turni
929 1061 1108 1136 humerum,
1130 1113 1132 1118 .

25 1201 26 1210 ¹
73 1173 149 1231 qttem
160 1157 277 1220 leviter
287 1161 484 1235 vulneravit,
497 1157 780 1240 penetravitetiam
793 1175 854 1234 qua
864 1151 976 1212 thorax
988 1150 1110 1232 tegebat

24 1221 26 1292 l
74 1238 242 1307 humerum:
259 1271 343 1309 nam
356 1270 413 1331 per
427 1252 553 1330 tepmt'na
567 1247 695 1320 humeri,
718 1245 807 1324 capio
819 1253 943 1322 'partem
958 1237 1111 1314 thoracis,

24 1331 25 1424 l
75 1350 130 1409 quae
142 1332 320 1398 humerum
337 1359 495 1398 summum
509 1337 643 1418 tegebat.

24 1443 25 1462 *
104 1416 165 1502 [179.
175 1425 293 1486 Statim
301 1425 513 1508 Turnusjacit
522 1426 643 1485 hastam
654 1444 757 1496 suam,
770 1419 852 1480 nihil
863 1420 946 1478 enim
956 1429 1001 1476 est
1011 1414 1114 1489 aliud,

74 1507 146 1568 robor
152 1515 408 1601 proefianserro
418 1530 522 1577 acuto:
537 1515 665 1574 libravit
679 1512 751 1587 diu,
770 1525 804 1570 ut
816 1511 928 1570 certior
940 1519 1015 1566 esset
1026 1507 1113 1564 ictus.

75 1592 138 1669 Qua
146 1599 245 1662 Turni
265 1603 483 1664 consideratio
495 1603 656 1684 opposita,
677 1613 712 1660 ut
729 1598 839 1672 credo,
863 1595 1030 1655 temeritati
1046 1591 1113 1652 Pal-

24 1706 26 1785 p
75 1680 169 1746 lautis:
183 1692 276 1752 addit
287 1695 414 1753 Turnus
423 1691 520 1773 jactui
535 1694 629 1752 verba
642 1687 893 1750 insultabundus.
1136 1685 1138 1690 '

106 1770 168 1847 482.
187 1780 246 1840 Sed
264 1781 373 1864 qualis
391 1784 468 1842 ictus
483 1784 580 1841 Turni
591 1781 609 1840 θ’
621 1776 865 1852 transverberat,
884 1797 948 1835 non
963 1795 1031 1834 oras
1049 1771 1112 1852 cly-

78 1862 132 1938 pei,
146 1879 180 1925 ut
191 1870 316 1945 Pallas,
339 1872 391 1931 sed
405 1867 693 1952 mediumclypeurrr,
714 1869 863 1928 acterius
876 1863 1004 1937 dixeris,
1019 1881 1115 1945 pene-

24 1969 26 2027 ,
78 1959 127 2008 trat
142 1953 280 2034 plurima
296 1959 375 2020 ‘ferri
392 1981 427 2021 ac
442 1962 525 2020 tauri
544 1973 646 2040 terga:
669 1957 813 2038 intelligit
834 1955 965 2038 laminas
984 1951 1114 2025 ferreas,

25 2069 30 2176 p
80 2037 176 2113 quibus
198 2047 369 2127 tegebatur
389 2047 568 2130 replicatilis
589 2046 680 2129 pellis
702 2046 806 2106 tauri:
837 2044 924 2103 victis
943 2043 1047 2121 itaque
1066 2051 1115 2096 tot

25 2177 28 2358 t
80 2134 161 2190 moris
174 2136 321 2214 perforat
335 2137 482 2198 Pallantis
496 2139 605 2218 ingens
620 2150 736 2218 pectus.

24 2374 26 2464 l

24 2474 27 2526 l

112 2213 174 2290 486.
190 2225 295 2286 Pallas
313 2225 571 2307 indignabundus
583 2223 703 2284 hastam
714 2225 818 2282 statim
828 2222 909 2301 rapit
918 2218 956 2277 de
969 2215 1097 2276 vulnere
1104 2259 1113 2288 ,

82 2324 193 2383 sperans
205 2317 340 2376 fortasse
353 2315 437 2391 fore,
453 2329 489 2375 ut·
501 2337 536 2375 ea
548 2315 766 2375 evulsaacrior
778 2309 897 2370 rediret*
905 2306 944 2366 ad
958 2325 1113 2386 pugnarn,

83 2393 126 2452 sed
132 2398 241 2477 fristra
258 2403 343 2464 hoo:
363 2426 435 2464 nam
452 2425 600 2464 unacum
616 2401 706 2466 hasta
719 2395 976 2475 effluxirsanguis
990 2406 1021 2450 et
1036 2393 1115 2449 vita:

84 2489 186 2578 corruit
202 2493 235 2552 in
252 2493 389 2566 vulnus3
410 2492 521 2552 dedere
537 2492 674 2551 sonitum
687 2508 773 2548 arma
784 2483 1010 2565 supervipsum3
1026 2493 1116 2558 atque

85 2565 128 2629 rlle
140 2591 303 2640 cruentato
319 2601 371 2640 ore
386 2593 500 2639 terram
513 2580 649 2639 moriens
663 2578 748 2658 petit.
1079 2561 1084 2572 ⁸

115 2659 277 2742 losfiaec
299 2671 415 2728 omnia·
427 2667 647 2730 insultabunda
665 2679 696 2726 et
716 2685 765 2738 re,
786 2675 816 2722 et
833 2659 948 2720 verbo:
970 2678 1020 2729 re,
1042 2674 1126 2714 nam·

24 2765 25 2768 ’
87 2749 180 2842 pedem
190 2755 242 2817 ille
255 2759 425 2838 impressit,
438 2757 497 2818 hoc
507 2759 592 2818 enim
602 2768 647 2815 est
657 2773 742 2834 super
751 2753 900 2810 assistens:
916 2746 1028 2820 verbo,
1042 2763 1116 2802 nam

25 2859 26 2910 3
84 2841 259 2912 jactabundo
272 2847 329 2920 ait,
344 2867 377 2905 se
388 2846 534 2906 Evandro
546 2843 648 2903 filium
660 2841 829 2911 remittere,
842 2833 966 2915 qualem
978 2833 1043 2912 ipse
1055 2850 1118 2886 me-

25 2989 26 3011 *
86 2927 151 3001 ruit,
164 2931 272 3008 idest,
285 2923 444 2993 mortuum
455 2959 461 2993 r
480 2933 599 2992 dixerat
609 2931 723 3011 quippe
733 2944 824 3003 supra
836 2923 974 2992 Turnus,
987 2937 1117 2996 cuperem

25 3012 27 3102 l
89 3013 136 3088 lpse
144 3034 223 3097 pater
231 3035 376 3103 spectator
386 3021 511 3081 adesset:
531 3039 604 3100 ergo
617 3034 717 3086 nunc3
740 3029 837 3092 quum
850 3026 916 3064 non
927 3003 1039 3062 viderit
1049 3022 1116 3060 mo-

24 3109 26 3169 ,'
90 3100 220 3183 rientem,
236 3109 343 3168 videat
355 3122 526 3169 mortuum.
540 3108 609 3166 Hoc
622 3100 701 3162 mihi
716 3097 903 3180 gloriosum..

25 3195 26 3219 l

119 3244 172 3315 477·
186 3251 264 3302 Viam
272 3251 371 3302 molita.
386 3254 576 3315 Hocest,curn
620 3245 720 3297 teribus
739 3239 848 3312 'sanquis
869 3232 1068 3308 producebatur
1091 3233 1118 3283 in

90 3319 233 3384 difficultate
248 3333 384 3402 quaesivit:
405 3349 453 3401 per
466 3321 539 3399 quo'd
551 3339 577 3378 et
621 3323 681 3376 fine.
692 3321 802 3374 Animus
811 3334 860 3388 pro
871 3315 974 3364 anima:
991 3330 1053 3364 nam
1062 3313 1119 3362 ani-

93 3403 197 3460 soliditas
217 3411 319 3482 clypei,
340 3423 366 3462 et
382 3412 469 3460 minus
487 3407 577 3458 firmus
622 3422 691 3468 mus,
718 3398 822 3452 consilii
844 3407 895 3456 est;
917 3393 1019 3455 anima,
1046 3393 1118 3453 vitae3

24 3541 26 3565 ἱ
93 3479 162 3537 hanc
170 3491 258 3557 jactus
270 3489 425 3542 ostenditur.
437 3489 507 3540 Sero.
623 3485 774 3536 Graecorum
787 3477 950 3528 imitatione:
968 3471 1033 3522 nihil
1049 3473 1119 3524 enim

25 3567 26 3652 ζ
113 3565 578 3642 l87·Urioeaquneviuflicmdem
622 3561 787 3631 frequentius
800 3559 827 3607 in
840 3555 970 3616 Homero,
984 3570 1062 3622 quam
1073 3551 1121 3600 θυ-

25 3653 26 3696 }
95 3659 128 3698 est
138 3651 236 3702 moduli
246 3653 329 3714 ratio,
343 3667 400 3720 quae
410 3651 520 3702 inferius
529 3647 576 3698 lib.
620 3637 678 3706 pic,
690 3658 739 3710 pro
751 3633 825 3703 ψυχή.
842 3637 890 3686 llic
901 3631 1047 3684 secundum
1061 3648 1119 3682 sec-

25 3767 26 3781 ι
95 3725 147 3778 llll:
157 3732 236 3782 “Uno
244 3729 392 3800 eodemque
401 3729 460 3780 tulit
468 3740 578 3799 partu»,
624 3734 677 3774 tam
690 3720 882 3790 Epicureorum
893 3714 998 3764 locutus
1010 3721 1057 3760 est.

25 3873 26 3878 ¹
96 3802 180 3875 figura,
202 3829 260 3880 quae
288 3808 398 3876 συγίζκσκ
419 3807 524 3859 dieitur.
544 3833 579 3844 --
659 3801 719 3868 492.
734 3795 842 3867 Qualem
850 3787 1121 3844 mentitPallantare-

24 3903 26 3967 t
96 3885 579 3963 Sanqutqoatdimuntatiqui,inhis
623 3875 1121 3936 mittolnsultansTurnus,etsuccessu

97 3965 219 4034 Gilauius,
242 3968 403 4040 particulam
421 3986 483 4038 que,
503 3977 529 4018 et
540 3964 580 4016 le·
625 3959 765 4030 superbior
777 3958 863 4008 factus
877 3950 1053 4004 describitur:
1064 3946 1126 3999 fieri

99 4059 166 4114 gont,
179 4050 280 4122 sanquis
289 4047 454 4119 animusque,·
465 4045 582 4118 quiate-
626 4053 714 4094 autem
734 4055 789 4090 non
811 4035 913 4107 potuit,
938 4041 968 4082 nt
991 4027 1075 4076 hostis
1096 4038 1123 4076 et
