2726 4592
504 250 713 320 LAUDES.
974 317 977 324 ,
1068 265 1128 332 351

88 381 175 440 niam
187 379 307 444 dIctum
317 396 425 438 caussa
434 376 580 458 pudoris,
593 379 646 458 qui
657 378 728 438 VIII
738 377 900 456 AEneidos,
913 395 1009 464 quum
1021 384 1134 450 deseri-

89 472 176 534 beret
190 471 307 530 coitum
328 467 458 530 Veneris
473 479 565 547 atque
578 469 725 544 Vulcani,
741 474 977 552 σχλειχρισέμιιαι
992 475 1135 540 decenter

89 559 272 624 immiscuit.
285 554 370 633 Quid
386 556 526 616 intortio
542 557 765 638 Georgicorum
782 557 820 618 de
832 563 1005 622 summissis
1021 567 1053 626 in
1068 589 1136 647 gre·

89 668 160 726 gem
175 644 315 709 maritis?
331 664 438 704 nonne
454 643 630 706 obscoenam
647 643 907 726 significationem
923 647 1052 713 honesta
1070 675 1135 714 ver·

88 735 204 802 borum
219 733 423 798 translatione
438 733 561 792 velavit.
572 757 586 790 ιι
607 733 652 792 Ab
664 731 725 795 hoo
740 733 860 815 pudore
877 738 908 794 in
925 738 1066 801 moribus
1080 761 1137 802 nan

89 838 174 900 tum,
193 836 228 882 ut
242 812 325 888 nibil
341 843 481 904 unquam
497 822 689 903 impudicum
706 827 869 904 asperserit
882 828 943 885 suis
956 827 1055 890 libris.
1074 834 1138 910 Qui

89 910 171 992 leget
185 910 302 980 librum
318 925 465 992 quartum
480 909 640 984 AEueidos3
662 913 715 992 qui
732 911 897 975 secundam
912 903 1073 997 Eclcgam,
1094 922 1139 979 ri-

89 999 177 1063 debit
198 1000 280 1065 nihil
305 1002 393 1060 inre
417 1001 569 1066 amatoria
592 999 653 1060 dlci
676 997 878 1070 verecundius
899 1024 995 1083 posse.
1019 1008 1139 1071 Plinius

89 1089 146 1156 lib.
159 1089 216 1150 Vll
233 1088 308 1158 huic
323 1091 386 1154 vati
406 1091 544 1170 assignat
560 1091 771 1152 aemouadiom.
788 1092 1005 1168 Quintilianus
1022 1094 1078 1156 lib.
1097 1100 1140 1158 IX

90 1177 180 1253 dicit,
191 1178 280 1242 illum
291 1179 421 1262 pudoris
434 1181 532 1260 gratia
543 1181 636 1242 verba
646 1183 803 1241 interdum
813 1181 1139 1248 decenterdetraxisse.

89 1267 205 1334 Seneca
217 1267 313 1347 Epist.
328 1269 366 1328 86
381 1268 439 1341 ait,
460 1267 548 1348 loqui
562 1267 763 1330 decentissime.
785 1269 921 1350 Agellius
935 1269 991 1331 lib.
1009 1275 1065 1347 IX,
1091 1297 1140 1352 ro,

90 1353 184 1418 illum
195 1357 227 1420 in
236 1375 343 1418 amore
352 1357 485 1420 Vulcani
495 1370 524 1418 et
534 1359 680 1434 Veneris,
691 1361 734 1418 uti
743 1359 1036 1442 verecundaquadam
1049 1377 1141 1425 trans-

93 1443 202 1510 latione
209 1445 369 1512 uerborum.
379 1449 460 1508 Serv.
470 1448 503 1506 in
510 1451 601 1507 tertia
610 1447 736 1530 Ecloga,
743 1448 898 1509 Theocriti
909 1453 1011 1532 turpia
1018 1473 1143 1535 suppres-

92 1535 305 1598 situerecunde.
325 1536 364 1596 Et
379 1537 410 1596 ln
426 1549 509 1600 sexta
522 1537 637 1617 Ecloga
650 1539 689 1598 ad
705 1539 800 1612 illud,
821 1541 901 1600 Huic
912 1538 997 1599 aliud
1008 1542 1144 1602 mercedis

94 1624 163 1695 erit,
176 1625 234 1696 ait,
246 1623 419 1682 verecunde
434 1625 646 1704 significatum
662 1648 680 1684 a
695 1627 829 1708 Virgilio
844 1639 997 1708 stuprum.
1012 1631 1144 1711 Scaliger

94 1709 151 1770 lib.
169 1715 197 1770 V
216 1713 300 1772 Poet.
317 1711 371 1770 dat
388 1713 463 1771 huic
479 1715 543 1771 vati
562 1735 707 1774 summam
724 1716 945 1776 verecundiam:
966 1716 1004 1776 de
1020 1719 1144 1795 eodem;

97 1825 111 1856 ιι
122 1813 169 1860 est
183 1803 331 1882 castigata
346 1801 567 1863 verecundia.»
584 1803 678 1880 Item,
701 1803 859 1867 «includit
875 1807 1004 1864 summis
1019 1808 1145 1867 mundi-

96 1891 162 1965 tiis,
176 1911 246 1970 quae
259 1891 297 1953 ab
311 1892 381 1954 aliis
394 1893 499 1955 minus
511 1907 599 1966 casta,
606 1894 730 1974 accipit.
743 1919 756 1949 ιι
770 1895 825 1968 Εῑ,
846 1918 860 1948 ιι
871 1915 941 1975 quae
953 1915 1064 1976 spurca
1074 1912 1147 1958 sunt

96 1983 130 2040 in
142 1978 324 2055 Theocrito,
337 1995 368 2042 et
379 1980 543 2044 horribilia
550 2029 558 2059 ‚
571 1984 665 2050 vertit
677 1984 872 2058 suavissime,
886 1997 915 2042 et
927 1983 1075 2045 transfert
1087 1987 1148 2046 ele-

97 2070 257 2149 gantius.»
283 2068 384 2128 Alibi:
412 2071 469 2138 aiu
495 2070 653 2130 narranda
673 2069 858 2151 Polyphemi
883 2071 1022 2151 ingluvie
1044 2088 1149 2134 noster

98 2157 279 2220 Parthenias
292 2181 363 2232 usus
376 2175 422 2220 est
432 2161 616 2222 verecundia
629 2184 635 2218 :
650 2163 819 2235 Homerus,
834 2163 922 2241 quasi
936 2161 1050 2223 diceret
1063 2165 1147 2246 apud

94 2245 233 2330 judicem
241 2269 392 2324 caussam,
402 2251 603 2318 atrocissimis
615 2263 706 2330 atque
716 2251 953 2312 immanissimis
963 2251 1066 2312 verbis
1076 2271 1148 2334 usus

99 2348 144 2396 est
153 2357 160 2393 z
170 2357 272 2418 neque
282 2339 366 2396 enim
378 2337 479 2406 voluit
488 2337 638 2418 Virgilius
646 2349 866 2416 repraesentare
877 2335 1077 2398 deterrimam
1085 2361 1149 2400 car-

100 2423 349 2506 nificinam,quae
357 2447 421 2488 non
432 2426 551 2489 deceret
556 2425 715 2486 heroicam
721 2421 921 2504 majestatem,
928 2423 980 2483 sed
990 2425 1087 2486 oleret
1094 2449 1149 2509 po·

102 2514 164 2576 tius
176 2515 340 2596 satyricam
352 2509 520 2583 licentiam.
531 2541 545 2570 ιι
559 2512 709 2594 Objicies:
718 2533 824 2572 nonne
833 2511 995 2576 amoribus
1005 2513 1148 2594 indulsit,

101 2603 199 2670 etiam
210 2603 398 2682 puerorum?
407 2606 453 2664 Ita
462 2603 574 2684 vulgus
585 2615 691 2684 putat,
701 2599 753 2660 sed
763 2600 853 2660 falso.
869 2603 984 2661 Auctor
1002 2600 1067 2682 ejus
1080 2605 1151 2666 ritae

101 2690 192 2768 (vide
205 2712 298 2773 supra
313 2693 342 2773 3.
360 2715 397 2753 20
410 2708 440 2754 et
455 2715 489 2754 ar
499 2695 524 2773 );
544 2718 558 2748 ιι
569 2694 701 2756 Tametsi
717 2691 845 2772 quidam
859 2691 980 2768 dicant,
994 2691 1085 2753 illurn
1097 2693 1154 2754 ha·

101 2780 209 2840 huisse
218 2781 476 2846 consuetudinem
486 2803 559 2842 cum
569 2781 672 2844 Plotia
684 2781 789 2840 Hieria
800 2779 870 2858 (alii
880 2778 1015 2839 Alesiam
1027 2783 1154 2860 vocant)

103 2871 279 2943 meretrice,
293 2883 396 2930 tamen
411 2870 568 2932 Pedianus
582 2867 734 2944 affirmat,
746 2869 851 2950 ipsum
863 2880 972 2948 postea
983 2867 1150 2946 Virgilium

104 2978 233 3023 narrate
246 2959 388 3034 solitum,
406 2982 438 3022 se
453 2983 470 3020 a
483 2963 578 3022 Vario
595 2958 635 3020 ad
650 2957 764 3042 similia
779 2956 863 3018 furta
878 2957 1045 3016 invitatum
1059 2959 1155 3035 perti-

107 3050 272 3112 nacissime
284 3053 444 3127 restitisse,
455 3071 557 3130 nequa
567 3051 711 3113 adnuisse
720 3048 847 3110 hbrdmr
856 3070 886 3137 ιιι
897 3047 982 3126 guod
993 3047 1086 3104 etiam
1094 3047 1157 3126 jac·

106 3151 194 3198 tatur
203 3137 242 3198 de
253 3141 371 3220 pueris,
393 3141 427 3200 iu
439 3159 517 3220 quos
529 3151 605 3200 esset
616 3159 808 3221 propensus,
829 3139 875 3197 ait
887 3138 1044 3211 Donatus,
1066 3135 1156 3196 aliter

103 3223 280 3306 judicatum
295 3249 314 3286 a
331 3229 419 3302 viris,
436 3228 546 3309 quiec
564 3239 705 3308 tempore
719 3226 889 3288 florebant:
908 3221 1052 3282 dicebant
1070 3225 1156 3290 enim

106 3316 208 3396 probe
220 3328 250 3374 et
261 3317 381 3389 sincere
394 3337 508 3398 pueros
522 3337 539 3376 a
552 3315 686 3398 Virgilio
698 3330 833 3388 amatos,
846 3325 880 3372 ut
889 3314 1031 3372 Socrates
1041 3313 1157 3372 amavit

108 3401 315 3478 Alcibiadem,
331 3419 362 3466 et
374 3405 461 3476 Plato
474 3424 547 3476 suos
561 3425 686 3488 pueros.

524 3575 744 3626 hamanitas.

152 3697 207 3756 Est
217 3695 278 3756 hoc
290 3695 419 3756 alterum
430 3695 569 3757 honestas
584 3699 657 3756 vitae
670 3683 818 3778 elogium.
831 3699 946 3756 Auctor
957 3693 1021 3776 ejus
1031 3699 1104 3758 vitae
1116 3701 1158 3758 ita

115 3783 226 3843 scribit
239 3786 268 3865 3.
280 3785 318 3845 65
331 3806 337 3842 :
358 3783 538 3845 «Pedianus
556 3783 649 3844 refert
661 3786 831 3866 benignum
848 3784 999 3843 cultorem
1016 3787 1158 3844 omnium

114 3874 273 3934 bonorum
287 3889 382 3956 atque
395 3873 590 3940 eruditorum
606 3875 701 3936 fuisse
711 3902 724 3931 ιι
738 3897 744 3933 :
762 3889 791 3934 et
806 3888 877 3956 post
888 3874 1008 3955 aliqua3
1026 3895 1085 3933 sea
1100 3875 1159 3934 hu-

116 3965 268 4036 manitate
277 3962 387 4038 fuisse,
401 3977 450 4039 ut,
462 3967 526 4034 uisi
534 3986 693 4046 perversus
705 3967 841 4028 maxime
850 3965 980 4046 quisque
992 3961 1082 4030 illum
1095 3983 1158 4024 non
