2720 4588
228 311 290 377 208
555 308 938 376 COMMENTARIA

226 430 363 494 naribus.
374 431 432 490 Hic
441 428 590 510 legendus
601 443 647 490 est
658 432 810 492 Excursus
820 436 953 514 primus,
965 433 1004 494 de
1014 439 1112 517 spatio
1124 437 1276 520 temporis
1352 495 1353 498 ,

226 524 312 606 quod
326 524 467 582 continet
478 542 525 582 res
538 519 635 582 in'sex
644 524 871 603 posterioribus
881 525 1026 586 AEneidos
1037 527 1135 606 libris,
1147 529 1209 590 vol.
1219 531 1276 604 IV,

226 634 294 694 pag.
310 611 376 671 386.
762 627 766 636 '

268 699 331 760 116.
345 701 498 770 Sententia
512 714 569 776 est,
584 701 715 762 Rutulos
727 714 757 762 et
770 703 939 782 Trojanos,
952 727 1039 764 suam
1050 708 1190 789 singulos
1203 728 1274 787 par-

224 805 286 852 tem
301 792 403 872 campi
417 793 569 872 accepisse
582 790 796 872 purgandam,
810 793 1046 876 parandamque
1056 795 1095 856 ad
1106 783 1273 856 certarnen.

267 883 330 941 118.
352 879 474 940 Medius
492 881 579 942 locus
597 884 691 942 sacris
710 882 900 942 destinatur:
921 899 967 945 est
986 887 1018 944 in
1042 900 1132 968 poeta
1145 891 1271 967 ὕστερον

223 993 296 1032 narn
308 972 460 1032 sententia
475 985 536 1046 est;
556 985 698 1032 statuunt
711 975 742 1032 in
753 973 847 1032 medio
859 995 926 1032 uras
936 979 1101 1053 gramineus
1111 978 1177 1036 Diis
1190 995 1272 1034 com·

224 1061 372 1136 munibus,
386 1063 462 1121 etin
475 1063 635 1145 arissocos.
651 1063 767 1143 Pergit3
773 1062 971 1145 serebantalr'i
972 1066 1147 1148 fontemque
1159 1068 1273 1146 19111111-

222 1242 266 1294 Sol
274 1241 424 1312 primumin
432 1245 561 1294 montium
570 1246 722 1295 cacumina:

222 1325 260 1374 lta
277 1323 386 1373 Lucifer
403 1324 486 1392 surgit
499 1324 558 1374 AEn.
576 1324 613 1388 11,
633 1346 643 1369 u
651 1325 722 1394 jugis

222 1421 330 1455 summae
344 1399 404 1454 ldae.
418 1425 428 1448 n
443 1403 476 1452 Et
487 1403 566 1453 Titan
578 1401 650 1472 apud
660 1401 721 1453 Sen.

222 1486 249 1535 in
258 1481 357 1533 Troad.
375 1505 385 1528 u
397 1483 501 1554 stringit
511 1500 613 1533 summa
622 1484 696 1554 juga.
707 1507 718 1528 a

221 1561 332 1614 Cedren.
343 1579 370 1632 p.
383 1560 449 1631 470,
467 1560 511 1612 'rud
520 1552 581 1612 tiniec
593 1556 637 1616 asir
646 1562 722 1629 alapa-

218 1642 280 1710 pu'se
297 1637 448 1709 adydfrme.
457 1671 492 1680 —-
502 1642 588 1710 Quum
605 1643 720 1713 primum

769 1261 842 1307 aras,
851 1242 1007 1314 mediosque
1014 1245 1088 1315 ignes
1099 1242 1275 1307 n,videlicet,

768 1341 849 1393 quum
859 1323 969 1374 Latinus
976 1325 1050 1392 jurat
1060 1325 1086 1374 in
1095 1322 1148 1373 hoc
1157 1321 1273 1390 fuedere,

767 1414 793 1452 et
805 1420 853 1472 per
862 1403 1028 1454 testationem
1043 1403 1111 1473 ignis
1124 1399 1182 1451 lieri
1193 1402 1274 1470 jura·
1351 1465 1355 1474 Ι

767 1494 855 1532 menta
863 1483 917 1550 jam
929 1500 959 1533 ex
969 1482 1050 1532 Aratu
1060 1479 1176 1530 Theonis
1190 1481 1276 1530 inter-

766 1574 840 1631 prete
857 1561 997 1613 Turnebus
1024 1559 1161 1620 adstruxit.
1186 1559 1273 1608 Focns

767 1660 874 1712 quoque
883 1660 932 1711 pro
941 1659 986 1691 aru
994 1641 1115 1702 sumitur,
1127 1650 1153 1688 ct
1160 1655 1206 1686 ara
1215 1656 1268 1708 pro

220 1722 288 1786 alto,
303 1731 349 1772 etc.
367 1720 437 1786 Quia
450 1737 492 1771 res
506 1720 669 1791 perturbatae
679 1738 721 1771 se·
759 1721 846 1791 suco:
866 1721 929 1772 inde
945 1740 1051 1772 versum
1069 1719 1142 1770 hunc
1156 1735 1269 1788 possum

221 1813 319 1851 cuturae
341 1811 416 1861 suut,
439 1797 509 1849 diem
531 1817 638 1868 quoqne
658 1817 719 1850 cum

219 1883 325 1934 fervore
336 1880 400 1930 oriri
410 1879 482 1932 fecit.
493 1880 562 1930 Serv.

257 1959 314 2010 116.
331 1961 457 2028 Campum
471 1957 506 2008 ad
517 1968 653 2008 certamen,
666 1959 720 2008 To·

219 2054 261 2092 tus
275 2035 319 2090 hic
329 2037 362 2090 de
374 2037 520 2090 foederibus
530 2037 605 2088 locus
615 2036 649 2088 de
662 2039 718 2088 Ho-

219 2137 292 2171 mero
302 2115 446 2168 translatus
456 2129 505 2178 est,
513 2115 560 2167 ubi
568 2116 718 2168 Alexander

218 2198 291 2249 Paris
304 2215 365 2248 cum
378 2195 501 2247 Menelao
517 2195 645 2268 singulari
658 2215 718 2247 cer·

219 2279 317 2330 tamine
329 2275 502 2328 dimicaturus
516 2289 563 2328 est.
577 2277 645 2329 Seru

257 2357 314 2410 118.
326 2357 411 2408 Focos·
424 2355 563 2427 Quidquid
575 2357 663 2427 ignem
675 2356 719 2406 fo·

217 2449 276 2503 vet,
290 2438 369 2510 focus
386 2449 512 2500 vocatur,
533 2437 588 2488 sive
608 2454 655 2487 ara
673 2437 720 2505 sit,

218 2521 272 2572 sive
292 2517 357 2589 quid
380 2517 453 2569 aliud
469 2520 497 2567 iu
520 2535 573 2587 quo
593 2519 661 2589 ignis
679 2518 722 2567 fo·

217 2615 302 2654 vetur.
311 2600 365 2650 Cur
372 2598 417 2650 hic
425 2600 512 2663 focos,
522 2616 604 2668 quum
613 2595 719 2662 deinde,

220 2703 231 2726 1
242 2682 397 2746 fontemque
405 2678 547 2746 ignemque
556 2676 695 2726 ferebant?
705 2699 716 2722 n

216 2759 317 2831 primo,
335 2755 398 2826 quia
405 2754 483 2825 focus
495 2756 529 2804 sit
543 2755 651 2824 proprie
663 2771 718 2804 uon

217 2839 298 2910 ignis,
313 2834 360 2886 sed
369 2833 445 2884 lucus
457 2832 504 2885 uhi
517 2834 584 2904 ignis
597 2833 718 2897 fovetur,

218 2938 249 2970 ac
261 2913 373 2989 proinde
384 2925 464 2984 queat
473 2912 594 2983 separari
603 2910 636 2963 ab
647 2912 717 2982 igne,

217 2998 322 3050 dicente
337 2992 415 3047 Ovid.
430 2994 500 3044 Fast.
518 2993 567 3055 VI,
589 2991 716 3062 “sintque

218 3081 274 3132 sine
282 3080 342 3148 igne
351 3075 413 3125 foci.
426 3073 479 3122 »Et
487 3069 548 3122 lsid.
563 3091 574 3114 κ
585 3069 651 3140 ignis
657 3069 716 3136 ipsa

216 3158 323 3210 flamma
339 3167 392 3218 est,
406 3152 565 3223 focusyvero
583 3149 667 3197 fornes
684 3165 715 3196 ac

217 3237 406 3287 nutrimentum
415 3231 483 3301 ignis
494 3253 505 3276 n
515 3224 655 3290 :secundo,
662 3223 716 3276 dici

215 3313 337 3386 potestin
346 3310 398 3361 hoc
408 3328 484 3361 sacro
491 3306 625 3378 duplicem
633 3305 714 3356 fuisse

216 3398 319 3466 igncrn:
336 3407 432 3453 unum,
447 3390 475 3438 in
492 3387 564 3438 onrni
579 3403 655 3436 sacro
668 3403 717 3436 ne-

217 3471 359 3526 cessarium
375 3466 529 3537 jugulandis
550 3463 715 3536 pecudibus,

215 3553 249 3604 de
260 3569 313 3621 quc
324 3557 430 3618 postea,
444 3567 455 3588 κ
465 3547 492 3595 in
501 3544 631 3596 flammam
637 3546 716 3616 jugu-

214 3632 271 3684 lant
283 3624 399 3699 pecudes
411 3647 421 3670 n
433 3646 439 3674 :
453 3637 479 3676 et
491 3624 583 3694 Eurip.
594 3625 620 3674 in
631 3623 714 3696 Supp.

215 3707 318 3776 ἰμπύμιν
330 3705 350 3756 r‘
364 3697 419 3760 sidu
432 3700 525 3770 qto'ya,
542 3703 713 3781 vidistiflum-

213 3806 283 3839 mam
297 3785 454 3837 bestiarum:
468 3783 581 3836 alterum
593 3782 657 3836 huic
670 3804 723 3840 sa-.

214 3887 273 3932 cro,
288 3866 381 3934 inquo
395 3862 482 3914 fredus
494 3865 603 3926 feritur,
620 3883 713 3916 neces-

765 1799 899 1869 explicare
909 1819 958 1870 per
970 1798 990 1852 tv
1001 1795 1043 1850 dud
1051 1799 1119 1850 dveit.
1135 1796 1223 1849 Cenla.
1235 1827 1272 1834 -

763 1879 800 1928 Et
809 1878 858 1930 diis
868 1879 1047 1930 communibus
1058 1897 1123 1929 aras.
1142 1876 1189 1927 Dii
1197 1894 1269 1926 com-

764 1975 854 2010 munes
865 1971 941 2021 sunt,
956 1970 985 2008 ut
998 1957 1043 2010 alii
1057 1956 1164 2021 dicunt,
1180 1955 1269 2018 Mars,

763 2036 888 2103 Bellona,
898 2039 1035 2102 Victoria,
1047 2039 1109 2107 quia
1118 2036 1146 2087 hi
1155 2038 1182 2088 iu
1193 2035 1267 2087 bello

764 2118 868 2188 utrique
884 2120 955 2188 parti
969 2118 1060 2168 favere
1073 2127 1194 2188 possunt.
1213 2114 1266 2164 Alii

764 2195 1096 2262 communesdieosvolupt,
1106 2191 1268 2256 Solem,Lu·

764 2275 1108 2340 nam,Jovem,Junonem,
1118 2272 1267 2334 Plutonem,

764 2357 877 2407 Martem
888 2377 893 2405 :
904 2355 932 2407 hi
944 2358 1012 2407 enim
1027 2353 1099 2426 apud
1113 2370 1204 2404 omnes
1218 2351 1268 2402 ho-

767 2439 851 2487 mines
861 2439 1049 2501 inveniuntur,
1062 2448 1088 2486 et
1098 2447 1158 2485 sunt
1169 2435 1197 2483 in
1212 2451 1269 2482 om·

767 2515 846 2566 nibus
856 2517 933 2566 terris
944 2537 949 2566 :
960 2514 1022 2566 vide
1032 2516 1103 2565 infra
1120 2513 1175 2582 176.
1192 2514 1270 2562 Prior

766 2607 855 2646 tamen
877 2613 970 2646 sensus
992 2607 1018 2645 et
1037 2593 1149 2664 simplex
1168 2605 1221 2657 est,
1242 2604 1267 2642 et
1329 2634 1332 2640 .

765 2675 849 2744 magis
863 2686 941 2743 aptus
954 2675 1071 2742 negotio.
1083 2675 1151 2724 Serv.
1161 2701 1196 2710 --
1204 2672 1271 2724 Aras

762 2752 917 2822 gramineas.
938 2752 1020 2800 Turn.
1033 2752 1083 2815 XI,
1098 2767 1105 2799 1
1117 2787 1125 2814 ,
1136 2751 1267 2819 explicat,

754 2831 923 2900 ncespititias,
933 2828 1025 2898 quales
1034 2831 1061 2879 in
1070 2831 1163 2880 castris
1170 2831 1269 2884 Roma·

763 2911 804 2960 nis
827 2909 1013 2960 excitabantur
1033 2933 1039 2960 :
1064 2911 1179 2962 fortasse
1202 2916 1267 2982 quia

763 3005 855 3058 cespes
864 3007 913 3058 pro
923 3007 969 3040 ara
977 2989 1028 3040 fuit
1037 2991 1162 3059 antiquis.
1170 2991 1266 3061 Neque

762 3068 832 3118 enirn
851 3067 903 3118 alio
921 3085 1000 3120 sensu
1015 3070 1079 3120 Hor.
1097 3068 1148 3121 Od.
1166 3071 1218 3135 111,
1236 3072 1267 3136 8,

762 3145 837 3212 dixit,
844 3151 962 3218 positum
971 3149 1115 3202 carbonem
1127 3149 1154 3200 in
1162 3151 1264 3221 cespite,

761 3226 852 3294 idest,
862 3229 890 3278 in
901 3247 962 3280 ara:
975 3242 1001 3282 et
1010 3229 1119 3300 Calpur.
1130 3231 1158 3280 in
1171 3229 1263 3280 Bucol.

764 3311 887 3380 «cespite
908 3312 969 3361 vivo
991 3311 1063 3362 Pone
1082 3311 1173 3362 focum
1185 3333 1212 3376 n,
1235 3309 1261 3362 id

762 3401 814 3453 est,
827 3408 899 3460 pone
910 3391 1000 3442 focum
1013 3392 1040 3440 in
1054 3408 1110 3442 ara.
1126 3389 1213 3442 Corda.
1228 3419 1262 3429 -

760 3467 827 3520 Vide
838 3483 915 3521 notas
929 3481 955 3521 et
967 3471 1054 3522 varias
1066 3470 1196 3522 lectiones
1207 3470 1259 3521 vol.

760 3550 883 3621 1v‚pag.
897 3553 957 3602 310.

799 3647 855 3700 ¹¹9·
875 3631 1034 3700 Fontemque
1045 3630 1182 3702 ignemque
1188 3630 1260 3700 fere·

761 3711 828 3760 barat.
850 3711 1019 3778 Fontem'pro
1036 3727 1105 3778 aqua
1121 3709 1225 3778 posuit,
1245 3727 1260 3758 a

760 3800 817 3838 toto
827 3799 940 3858 partem.
954 3785 1022 3840 Sane
1033 3786 1069 3840 ad
1077 3787 1203 3840 facienda
1212 3788 1260 3838 foe-

758 3867 823 3918 dera
842 3885 947 3936 semper
964 3885 1035 3937 aqua
1055 3879 1080 3918 et
1100 3868 1166 3938 iguis
1184 3865 1260 3918 adbi-

213 3951 321 4012 sarium,
330 3944 426 3997 ethuic
434 3947 493 3998 usui
503 3945 619 3998 destinat
626 3946 712 4018 ignem
756 3947 870 3998 beutur:
885 3946 957 4000 unde
975 3960 1002 4000 et
1020 3965 1087 4018 quos
1103 3965 1193 4019 arcere
1209 3965 1258 3996 ro-

213 4039 380 4105 sequentem5
406 4044 467 4078 nam
487 4027 571 4094 infra,
597 4049 607 4072 1
618 4026 710 4096 Tango
756 4025 1261 4094 lumusanostroeousortio,eisaqna
