2726 4592
492 325 699 392 usurus
1055 335 1125 422 37³

69 462 148 528 tate,
162 442 329 533 gravitate,
340 450 507 522 varietate,
519 459 637 530 quanto
652 451 863 530 posteriorest
874 461 1028 535 tempore3
1040 456 1118 520 facit

67 541 179 600 divina
191 561 227 599 ex
240 536 412 598 humilibus
424 539 570 597 Homeri:
586 549 631 596 es't
643 539 781 598 Homero
794 541 1057 624 circumspectior,
1069 567 1118 606 ex·

67 631 235 712 plicatior,
249 628 418 702 illustrior,
436 629 622 702 accuratior,
641 627 804 708 grandior,
819 630 945 708 cultior,
965 637 1118 713 exactior,
1156 631 1160 638 ’

67 719 208 794 felicior,
220 718 325 800 dispar
334 741 341 777 ι
349 717 492 800 loquitur
505 719 715 794 numerosius,
727 717 898 799 elegantius
910 744 916 780 :
927 737 1045 784 coercet
1054 725 1118 784 Ho-

66 809 185 868 merica
196 806 325 867 meliore
338 804 542 889 brevioraque
555 809 706 866 orationis
715 828 803 888 gyro
818 810 972 870 Homerus
984 809 1118 874 humilia

68 909 100 956 et
109 895 287 972 humiliter3
297 895 447 977 Virgilius
460 896 625 979 grandiora
636 909 665 956 et
674 895 856 977 magnifice:
869 898 921 958 ille
933 921 1048 981 pauca,
1062 923 1119 961 nu-

66 984 125 1060 da,
141 983 250 1060 rudia,
265 983 419 1044 infelicia:
435 983 486 1059 hic
501 983 624 1063 divina,
639 1005 822 1060 numerosa,
840 988 942 1063 varia,
961 989 1119 1071 inexspec-
1137 1024 1138 1027 ¹
1161 1067 1162 1072 η

66 1083 132 1130 tata
143 1095 150 1130 z
162 1070 256 1131 nudis
268 1073 444 1132 Homericis
453 1073 562 1153 adjicit
574 1070 854 1154 incomparabilem
865 1077 1011 1136 amictum
1023 1099 1029 1134 :
1041 1077 1119 1138 alius

67 1182 166 1221 sonus
176 1160 382 1242 Virgilianus3
397 1160 477 1222 alius
489 1161 597 1223 ardor:
612 1163 761 1244 opprimit
772 1177 803 1222 et
812 1164 920 1224 obruit
929 1167 1117 1242 Homerum;

66 1250 222 1332 relinquit
234 1248 325 1311 illum
335 1265 407 1334 post
419 1273 465 1312 se:
477 1253 616 1313 narratio
628 1251 757 1312 alterius
767 1273 874 1331 aurea,
885 1254 1010 1316 alterius
1019 1254 1119 1338 plum·

66 1341 143 1400 bea:
158 1339 212 1400 hic
227 1361 316 1401 verus
330 1355 440 1422 poeta3
456 1341 509 1402 ille
522 1341 668 1402 foraneus
681 1355 840 1402 narrator:
854 1365 871 1404 a
883 1359 1120 1427 naturapropo·

68 1431 126 1488 sita
139 1429 279 1490 Homero
291 1443 490 1511 argumenta,
501 1434 590 1512 quasi
605 1431 624 1490 d
629 1433 721 1490 ictata
733 1431 888 1513 discipulo
899 1433 1045 1494 emendat
1054 1435 1119 1493 Vir·

68 1516 163 1595 gilius
179 1530 330 1600 tanquam
345 1521 510 1600 magister:
526 1523 560 1578 in
571 1517 708 1600 Virgilio.
722 1521 859 1579 animata
875 1523 993 1595 orati03
1010 1524 1043 1581 in
1055 1524 1118 1582 Hu-

69 1625 156 1666 mero
172 1622 297 1667 mortua
309 1631 315 1666 :
329 1622 374 1668 est
387 1607 528 1686 feliciore
540 1621 651 1680 cantu,
665 1621 817 1690 apparatu
830 1609 1118 1689 magnificentium:

70 1693 234 1754 concludit
244 1695 425 1756 rotundius:
438 1695 607 1756 fluminum
618 1697 774 1755 Homerus
787 1695 900 1756 multas
911 1696 985 1772 fecit
994 1718 1118 1779 comps·

68 1781 205 1842 rationes
212 1805 221 1857 ;
238 1796 343 1843 noster
361 1783 457 1842 semel
476 1795 614 1858 tantum,
635 1781 698 1842 illis
712 1781 860 1843 omnibus
875 1807 971 1844 unam
986 1799 1118 1866 antepo-

68 1868 205 1928 nendam
217 1893 223 1928 :
235 1873 268 1930 iu
278 1871 424 1934 caedenda
435 1869 546 1948 arbore
554 1874 710 1932 Homerus
722 1871 864 1932 eamdem
875 1867 1003 1956 operam
1012 1875 1119 1956 ponit,

70 1978 167 2037 quam
184 1963 412 2041 carpentarius:
429 1961 462 2019 in
478 1959 611 2040 Virgilio
624 1963 713 2020 Musa
727 1959 903 2043 loquitur„
920 1965 993 2023 Haec
1006 1975 1037 2022 et
1050 1961 1119 2044 plu·.

70 2067 104 2106 ra
120 2049 271 2130 Scaliger,
285 2047 395 2108 fertilis
412 2049 445 2108 in
461 2049 605 2108 ornando
618 2049 773 2128 Virgilio,
784 2051 817 2107 in
832 2051 1039 2134 vituperando
1057 2053 1121 2112 Ho·

69 2139 175 2212 mero:
191 2141 268 2220 quin
284 2137 372 2197 addit
391 2137 428 2196 ad
448 2159 513 2196 rem
528 2135 744 2218 explicandam
759 2142 1006 2220 comparationes
1023 2142 1117 2202 istas:

72 2250 85 2279 u
96 2241 252 2306 quantum
266 2247 282 2285 a
295 2226 416 2309 plebeia
426 2223 647 2308 ‚incomtaque
661 2223 844 2296 muliercula
855 2241 999 2288 matrona
1011 2229 1120 2306 distat,

68 2325 196 2373 tautum
206 2309 346 2374 summus
357 2312 410 2372 ille
420 2314 468 2372 vir
481 2333 497 2372 a
511 2311 620 2372 divino
630 2312 699 2370 viro
714 2323 819 2373 nostro
832 2328 1011 2395 superatur:
1026 2337 1121 2396 quan-

68 2415 102 2461 to
123 2402 256 2464 barbara
270 2402 458 2488 Polyphemi
476 2421 608 2485 persona
627 2400 760 2460 inferior
778 2414 823 2460 est
843 2404 927 2482 regia
942 2402 1121 2485 majestate,

67 2504 158 2552 tanto
178 2513 283 2554 versus
298 2493 422 2574 Virgilii
437 2491 552 2553 Graecis
572 2490 807 2578 compositiores
824 2514 840 2554 ι,
852 2503 975 2553 tantum
993 2514 1120 2576 supera·

69 2593 132 2657 tur,
146 2594 299 2662 quantum
312 2594 470 2664 pastorum
482 2578 578 2662 dapes
592 2601 609 2638 a
622 2579 715 2658 regiis
726 2575 853 2639 ferculis
864 2603 870 2638 :
881 2593 966 2641 tanta
979 2581 1119 2642 estdiffe
1164 2602 1167 2608 ·

68 2669 185 2744 rentia,
205 2683 321 2751 quanta
337 2671 416 2728 inter
429 2665 618 2754 discipulum
632 2661 835 2736 meditantem
849 2681 880 2728 et
893 2683 1121 2752 praeceptorem

69 2779 163 2818 suum
181 2760 349 2824 consilium
365 2775 459 2842 atque
473 2780 600 2840 operam
616 2769 836 2840 apponentem.
851 2761 1004 2836 Homerus
1019 2762 1120 2822 moles

69 2848 198 2928 quidem
213 2864 278 2926 est,
289 2849 341 2910 sed
355 2849 458 2924 rudis,
472 2861 504 2906 et
512 2846 665 2928 indigesta
678 2869 684 2906 :
697 2846 848 2926 Virgilius
862 2862 965 2908 autem
975 2851 1076 2926 Deus,
1090 2865 1120 2910 et

69 2935 183 2996 melior
196 2927 344 2998 natura.»
361 2935 481 2996 Alludit
492 2933 638 2994 videlicet
655 2933 695 2993 ad
709 2933 883 2995 Ovidianos
897 2955 1002 2994 versus
1016 2937 1030 2994 l
1044 2939 1118 2998 Met.

68 3022 204 3086 Pulchre
216 3047 289 3107 ergo
304 3029 450 3086 Lucanus
464 3027 579 3105 Pancg.
594 3023 793 3086 adPisonem
805 3023 880 3084 facit
894 3039 1122 3106 provocantem,

68 3113 256 3194 Virgilium,
267 3117 354 3196 quasi
365 3117 389 3174 is
402 3115 580 3196 praesentiat
589 3113 730 3174 futuram
742 3115 920 3191 victoriam,
930 3135 1023 3175 nemo
1034 3117 1122 3180 enim

67 3217 235 3284 provocat,
249 3207 309 3266 nisi
324 3207 378 3288 qui
394 3214 486 3287 putat
499 3223 529 3266 se
543 3203 694 3264 victorem
704 3204 789 3264 fore:
802 3225 907 3265 versus
922 3217 1010 3280 suut.;

178 3351 230 3402 Iste
242 3369 291 3422 per
302 3351 435 3403 Ausonias
447 3350 670 3402 AEneiavcarmina
682 3360 774 3422 gentes

176 3429 233 3496 Qui
245 3443 336 3497 sonat,
348 3432 449 3502 ingenti
462 3431 508 3501 qui
519 3430 632 3482 nornine
640 3429 729 3501 pulsat
740 3428 897 3498 Olympum,

176 3511 375 3582 Maeoniumque
387 3529 476 3564 senem
489 3513 753 3580 Romanoprovocat
765 3524 820 3560 ore.

68 3657 142 3716 Pari
153 3655 253 3717 ferme
268 3659 419 3718 sententia
434 3657 526 3718 Silius
541 3653 596 3716 lib.
611 3656 697 3730 VIll,
713 3651 786 3733 593:

178 3819 307 3882 Mantua,
319 3819 456 3870 Musarum
469 3817 577 3884 domus,
590 3833 675 3886 usque
688 3813 721 3866 ad
735 3812 823 3866 sidera
835 3826 915 3866 cantu

177 3897 280 3950 Evecta
290 3898 413 3966 Andiuo,
426 3909 455 3950 et
464 3897 602 3970 Smyrnaeis
614 3893 709 3946 aemula
720 3893 839 3966 plectris:

58 4038 220 4104 Praeclare
234 4040 370 4103 incertus
382 4055 475 4125 poeta
488 4041 546 4104 sub
559 4059 692 4124 persona
703 4039 858 4116 Maronis,
868 4033 950 4097 iufra
963 4053 1034 4118 pag.
1047 4035 1122 4116 3993
