2654 4590
313 309 371 372 IN
395 306 632 373 AENEIDOS
655 309 747 374 Lrn.
773 312 834 374 IX.
983 336 986 342 ’
1055 339 1088 378 ιι

33 432 65 487 da
76 443 159 503 nuto,
173 429 267 512 quod
277 431 371 510 petit,
385 427 467 510 quod
474 430 679 509 poscitporens
690 428 800 491 oleru:
814 431 926 493 deinde
936 431 1094 496 efficacius

39 518 114 594 illis,
126 518 244 580 dontito
257 516 413 599 Olympo:
428 516 504 599 quid
517 519 600 576 enirn
612 535 678 578 non
690 523 889 603 consequaris
901 523 940 582 ab
953 522 1025 600 illo,
1041 526 1096 606 qui

41 628 92 688 per
108 621 138 666 te
152 605 322 688 grandem
343 607 506 669 victoriam
525 605 744 690 retulitiquid
760 629 833 670 vero
849 609 997 691 grandius
1014 613 1096 672 victo

43 694 131 754 caeloi
149 697 221 773 (De
234 691 302 756 hoc
318 694 392 754 vide
408 707 517 756 notant
529 693 592 754 vol.
606 695 665 770 ΙΙΙ,
679 717 710 777 p.
727 715 778 772 ro,
793 699 826 757 in
838 719 900 781 qua
914 701 1052 760 Servium
1066 712 1096 760 ct

48 783 119 844 alios
132 786 289 867 Heynius
305 783 482 862 confutat.)

82 873 129 934 85.
143 875 302 955 Sequitur
316 873 455 933 narratio
470 869 615 952 Cybeles,
634 873 685 931 cui
701 891 788 936 sacer
799 873 860 940 luit
872 877 906 934 in
920 889 1027 935 monte
1040 873 1097 935 Ida

49 959 131 1022 lucus
141 962 318 1024 abundans
332 962 433 1043 pinis,
453 974 484 1020 et
500 959 621 1019 occulta
634 960 770 1041 quedam
787 963 920 1044 caligine
936 964 1097 1024 inumbra-

50 1063 110 1118 tus,
123 1071 196 1132 qum
207 1071 337 1132 semper
345 1046 504 1109 veteribus
513 1048 660 1130 religiosa
670 1047 750 1108 fuit:
767 1051 799 1108 in
811 1071 847 1111 eo
861 1066 965 1114 autem
977 1051 1097 1113 honore

52 1152 110 1197 crat
121 1140 148 1198 is
160 1139 276 1214 lucus,
290 1153 327 1198 ut
340 1136 475 1217 Phryges
488 1135 527 1198 ad
540 1155 612 1196 eum
625 1157 710 1196 sacre
722 1157 776 1199 sua
789 1137 976 1201 conferrent.

87 1230 133 1290 88.
148 1228 269 1303 Addit,
285 1249 317 1288 se
330 1227 386 1288 has
397 1227 493 1308 pinos
502 1228 604 1286 AEneae
617 1227 824 1288 contribuisse
836 1227 874 1287 ad
886 1225 1100 1290 fabricandam

53 1313 177 1376 classem
190 1319 226 1376 in
240 1317 335 1398 lugu,
353 1327 384 1374 et
401 1315 504 1374 laetsm
524 1313 668 1394 quidem,
689 1335 789 1396 quum
805 1330 909 1375 tamen
927 1337 1010 1376 nunc
1029 1335 1098 1375 earn

53 1401 191 1466 letitiam
206 1407 306 1470 timor
317 1423 420 1464 novus
433 1400 574 1477 invadat,
590 1404 645 1482 qui
658 1423 690 1461 se
703 1402 871 1470 sollicitam
884 1405 1002 1464 reddat.

87 1513 134 1570 9⁰·
156 1495 255 1554 Hunc
275 1491 354 1553 mihi
375 1505 493 1550 metum
512 1491 614 1572 eripe3
635 1493 734 1571 possit
749 1489 911 1574 hocopud
924 1507 953 1552 te
969 1511 1098 1574 parens3

54 1602 120 1642 nam
135 1583 226 1664 quod
241 1586 304 1644 isto
316 1583 420 1662 majus
431 1579 615 1645 vinculum?
628 1581 695 1655 fac,
715 1601 754 1640 ne
766 1583 920 1642 intereant
931 1603 1021 1644 cursu
1033 1579 1099 1641 ullo

56 1671 155 1745 viam,
165 1686 265 1733 vento
276 1671 343 1730 ullo
352 1669 535 1758 proiligotae.
546 1669 657 1728 Nonne
667 1667 729 1730 illis
738 1671 1001 1751 prodessedebet,
1012 1683 1100 1729 natas

56 1780 113 1820 esse
132 1763 165 1820 in
182 1764 265 1822 meis
284 1759 467 1826 montibus?
485 1761 581 1818 immo
599 1761 633 1818 iu
652 1759 715 1820 tuis
731 1779 873 1841 quoque3
895 1760 967 1820 ideo
979 1761 1102 1833 nostris,-

57 1851 141 1930 quasi
152 1865 279 1912 montes
289 1870 399 1912 omnes
410 1851 488 1912 socri
499 1845 640 1929 Cybelae,
655 1850 734 1907 sacri
750 1867 876 1930 quoque
891 1847 1100 1910 fuerintJovi.

90 1940 137 2018 93.
159 1939 240 1999 Vide
256 1938 452 2020 majestatem
471 1938 626 2019 loquentis
637 1939 742 1996 lovis:
760 1937 837 2019 quid
853 1939 936 1997 enim
949 1934 1100 2018 grandius

57 2046 147 2104 quam
160 2030 303 2108 torqueri
315 2025 422 2088 abillo
433 2027 562 2102 coelum3
577 2039 607 2086 et
619 2024 720 2084 astra?
733 2026 810 2108 quid
820 2045 894 2086 vero
905 2025 944 2084 ad
955 2023 1103 2084 matrem?

60 2117 112 2190 ait,
130 2116 193 2176 fata
206 2121 312 2178 vocari
326 2139 390 2178 nou
407 2137 514 2199 posse,
534 2137 597 2197 quo
614 2117 745 2198 quisquc
762 2113 854 2176 velit:
874 2135 947 2174 narn
964 2133 1031 2175 esse
1047 2111 1100 2173 de·
1120 2171 1122 2178 .

59 2205 128 2266 bcnt
145 2207 238 2268 lirma
257 2223 289 2268 et
305 2209 384 2283 fixas
402 2222 432 2268 et
450 2226 519 2288 quae
535 2227 592 2266 nec
608 2205 646 2265 ad
663 2225 767 2290 preces
781 2209 889 2270 matris
905 2219 1020 2288 queant
1031 2225 1100 2264 rnu-

61 2295 123 2354 tari.
142 2297 223 2379 Quid
231 2300 305 2378 petis
321 2298 401 2358 istis?
419 2309 479 2374 est,
500 2294 576 2378 quid
588 2297 667 2378 petis
679 2297 747 2357 istis
764 2294 919 2356 navibus?
938 2295 1004 2370 vel,
1024 2293 1102 2376 quid

63 2397 91 2442 tu
103 2387 166 2446 istis
180 2386 350 2467 precibus?

93 2472 139 2550 95.
158 2476 308 2555 Sequitur
319 2477 420 2556 prima
432 2476 530 2550 ratio,
549 2491 607 2534 cur
623 2493 689 2532 non
705 2474 806 2553 possit
823 2489 960 2531 annuere
976 2471 1100 2541 omnia,

60 2561 146 2622 etism
158 2565 270 2636 matrir
288 2585 362 2624 nam
375 2563 520 2626 mortalia
534 2581 604 2646 quae
616 2576 702 2639 sunt,
719 2561 835 2622 habere
847 2561 901 2642 jus
913 2556 1101 2621 immortuli-

62 2651 125 2708 tatis
140 2671 208 2712 non
224 2667 374 2734 possunt:
397 2651 509 2726 altera3
527 2663 651 2712 nonest
667 2652 731 2727 fas,
750 2653 878 2712 AEneam
891 2653 973 2710 inter
984 2649 1102 2708 incerte

61 2739 210 2815 pericula,
232 2740 340 2822 qualia
359 2756 433 2802 sunt
451 2744 563 2817 maris,
586 2753 705 2808 certum
726 2759 807 2815 esse,
829 2757 858 2802 et
876 2759 1018 2801 securum
1035 2737 1101 2808 sui3

60 2829 216 2904 namhoc,
239 2831 317 2911 quid
334 2846 379 2892 est
397 2832 500 2908 uliud,
522 2851 617 2914 quam
634 2849 699 2891 esse
715 2829 836 2891 Deum?
856 2830 916 2890 hoc
929 2843 1034 2889 autem
1050 2827 1101 2885 cui

59 2918 192 2978 Deorum
212 2941 396 2982 concessum
415 2921 482 2982 est?
502 2923 553 2982 cui
571 2919 781 3003 permissum?
799 2935 830 2980 et
848 2933 923 2980 nota
942 2917 1101 2998 duplicem

61 3005 304 3070 uenerationem
316 3014 436 3094 opponi
449 3009 567 3094 duplici
580 3012 725 3093 petitioni
738 3010 874 3091 Cybeles.
888 3011 994 3068 Primo
1004 3007 1102 3087 petie·

61 3153 138 3200 ‹1eret;
146 3141 230 3212 petit,
242 3159 301 3211 quae
306 3143 400 3211 jubere
408 3141 555 3194 debuerat:
601 3154 641 3192 tes
656 3139 689 3192 ad
702 3141 800 3212 piceus,
815 3135 857 3188 vel
868 3135 954 3208 pinus.
970 3131 1038 3184 Sane
1052 3147 1102 3180 uo-

62 3232 83 3268 et
95 3219 208 3273 diceudo
220 3232 281 3272 nate
290 3235 316 3273 et
323 3241 429 3294 parens,
440 3224 558 3274 iteratio·
601 3220 711 3277 tandum
720 3220 799 3270 trabes
808 3234 868 3268 eum
877 3213 973 3266 dixisse
982 3211 1015 3264 de
1023 3209 1102 3263 urbo-

61 3300 558 3354 nessundfeuum.sero.-Da.1m·
601 3300 689 3365 ribus,
709 3316 791 3370 quum
810 3313 865 3347 non
881 3293 1006 3346 dicantur
1024 3291 1102 3343 trabes

62 3382 175 3448 perativs
192 3399 245 3432 vox
261 3381 412 3434 ostenditur
427 3384 555 3453 parentis.
602 3375 654 3432 nisi
670 3383 726 3450 jam
746 3395 818 3430 creste
837 3377 890 3428 sint
908 3388 934 3427 et
953 3372 1101 3444 depositae:

64 3461 173 3512 -nara
183 3459 265 3532 Quod
272 3479 371 3514 nonen
382 3461 416 3514 ad
425 3464 558 3532 imperan-
602 3459 722 3512 abutitur
739 3475 801 3530 argo
816 3475 863 3523 eo,
885 3452 957 3527 quod
968 3452 1102 3526 posterius

65 3535 456 3594 montumano-cara.
467 3543 502 3592 Ut
510 3542 556 3602 sit;
602 3531 1103 3610 est‚proeo‚quodestprius.-·0um

13 3679 14 3684 ,
66 3614 207 3690 dapmnu
219 3639 301 3692 quam
313 3619 558 3694 diligis‚etquaete
602 3619 786 3692 cluniseperct.
805 3611 1103 3684 Proclatse,ficnitivut

13 3711 14 3736 ³
66 3713 302 3760 ammonentem
311 3701 558 3772 arduanpetituru,
602 3697 795 3770 proablutiv03
813 3709 840 3749 et
850 3698 923 3766 justa
937 3691 1027 3743 AEneae
1037 3691 1104 3762 peti·

67 3795 150 3832 causas
159 3784 245 3851 justus
254 3783 359 3834 inserit.
373 3781 469 3832 Donat.
603 3782 656 3846 tio,
669 3790 696 3830 et
705 3777 877 3830 concedentis
888 3773 1040 3844 benignitus
1051 3787 1104 3824 uun

14 3927 15 3932 ¹
99 3860 135 3912 88.
144 3861 262 3936 Hasepo.
273 3863 337 3914 Non
348 3861 514 3921 trabearum
524 3861 557 3914 d·
602 3861 694 3925 minis,
706 3859 816 3911 exclusit
826 3855 962 3928 piaculum
972 3873 978 3904 t
989 3869 1051 3903 narn
1061 3849 1102 3902 his

14 3941 15 3974 l
71 3956 134 3995 acere
148 3961 227 3997 naves
241 3962 298 3996 uon
316 3941 401 3993 liunt:
418 3939 488 3993 uude
502 3961 557 3994 me·
601 3939 724 4002 remotis,
744 3936 912 4007 suculegium
928 3931 1105 3984 committere-

71 4017 110 4072 ΗΜ
120 4022 224 4084 arbores
236 4023 430 4097 iutelligimm,
440 4022 558 4080 referen-
601 4031 659 4082 tum
669 4016 730 4070 ideo
741 4015 846 4070 addidit
858 4035 868 4060 ι
878 4011 938 4064 lota
950 4007 1020 4064 dedi.
1032 4031 1044 4054 n
1058 4008 1084 4058 S.
