2726 4592
245 247 312 314 336
433 241 519 306 ‘DE
542 238 730 304 CULICE
754 237 1078 306 VIRGILIANO.

287 371 356 432 Hoc
367 386 433 428 non
447 366 605 438 omittam,
617 363 651 420 in
662 359 817 420 veteribus
830 365 1078 440 commentariis,
1090 365 1176 426 unde
1191 369 1293 452 Virgi-

245 463 295 537 lii,
317 478 411 541 quam
424 455 590 529 habemus,
610 453 707 512 vitam
721 454 871 534 excerpsit
884 451 953 512 Tib.
967 453 1116 516 Claudius
1129 457 1291 535 Donatus,

244 549 376 611 omnino
387 565 470 620 eum,
477 563 570 624 quem
580 539 660 614 dico,
668 539 848 621 Virgilianae
857 543 1293 630 aetatisannumfuisseassig·

246 649 357 698 natum
368 633 486 694 Culici:
498 653 571 692 nam
586 628 672 712 quod
684 629 758 690 editi
770 627 886 690 habent
897 629 971 690 libri
986 652 1108 706 omnes,
1120 635 1204 694 Fecit
1214 635 1294 697 Culi-

245 746 308 788 cem
313 769 323 798 ,
333 743 424 805 quum
433 734 656 781 essetannorum
664 721 733 792 XV,
744 739 830 778 error
838 731 885 778 cst
893 719 943 779 vel
953 719 1157 782 Grammatici
1166 725 1294 798 veteris,

245 815 295 876 vel
308 812 438 893 alicujus
449 808 586 883 librarii,
599 809 652 890 qui
664 821 772 868 notam
784 807 903 868 denarii
913 812 1036 870 numeri
1045 813 1073 870 X
1083 810 1215 871 alteram
1225 833 1293 894 pas-

247 923 301 964 sus
312 903 351 962 sit
365 898 516 960 excidere.
535 897 637 974 Quem
652 897 736 956 enim
750 893 868 955 habent
882 897 940 956 ista
953 896 1094 956 sensum?
1109 921 1124 952 α
1133 900 1221 963 Fecit
1233 899 1293 958 Cu-

245 994 354 1067 licem,
367 1011 465 1072 quum
476 1002 554 1048 esset
566 1008 721 1048 annorum
733 988 804 1060 XV3
818 997 849 1046 e't
860 1007 949 1062 mox,
962 1009 1060 1068 quum
1072 1008 1121 1047 res
1136 990 1292 1049 Romanas

246 1078 438 1154 inchoasset,
456 1075 595 1137 offensus
610 1076 740 1134 materia
754 1086 784 1133 et
796 1076 963 1134 nominum
978 1075 1157 1156 asperitate,
1177 1076 1291 1138 adeu-

245 1171 345 1233 colica
355 1167 488 1228 transiit.
499 1191 513 1223 n
528 1165 606 1242 Quis
618 1166 661 1224 ite
672 1165 795 1246 ineptiit
807 1163 991 1246 aliquando,
1005 1178 1039 1224 ut
1048 1164 1164 1226 diceret
1174 1165 1294 1228 factum

246 1280 311 1321 esse
323 1279 405 1332 mox,
423 1255 509 1338 qnod
523 1255 613 1314 annis
627 1267 699 1336 post
714 1253 825 1316 decem
842 1252 1045 1314 duodecimve
1062 1255 1215 1337 contigit?
1235 1260 1294 1317 Bu·

244 1349 341 1410 colica
366 1359 470 1406 autem
493 1364 654 1426 aggressus
684 1357 729 1403 est
750 1343 915 1424 Virgilius,
936 1356 972 1404 ut
996 1343 1135 1405 affirmat
1152 1346 1292 1424 Servius,

245 1440 388 1502 XXVIII
397 1456 552 1496 annorum.

285 1591 315 1651 Si
327 1588 427 1669 legas,
439 1587 486 1646 uti
500 1585 668 1668 legendum
680 1605 807 1661 censeo,
819 1584 923 1646 fluunt
937 1584 1160 1668 cohaerentque
1175 1587 1292 1646 omnia.

244 1677 384 1740 Culicem
398 1675 472 1735 fecit
483 1675 634 1754 Virgilius
647 1696 745 1755 quum
758 1688 836 1734 essct
850 1695 1006 1734 annorum
1019 1675 1118 1732 XXV:
1132 1676 1292 1754 specimen

245 1765 306 1826 hoc
323 1764 386 1826 fuit
404 1761 469 1843 ejus
491 1763 582 1836 artis,
601 1783 696 1842 quam
715 1763 748 1820 in
766 1759 931 1822 tornandis
948 1762 1087 1819 versibus
1103 1757 1218 1819 habuit
1232 1763 1294 1842 ipse

246 1853 446 1935 singularem.
460 1854 573 1910 Factus
586 1870 726 1910 successu
739 1852 925 1924 animosior,
939 1847 1035 1910 homo
1049 1849 1170 1930 alioqui
1183 1871 1295 1932 parum

246 1941 422 2015 conlidens,
441 1961 511 2000 mox
522 1959 570 1998 res
584 1937 746 1998 inchoavit
758 1941 930 2012 Romanas,
949 1941 1026 2012 sive,
1048 1953 1085 1998 ut
1099 1941 1144 1998 ait
1158 1942 1296 2015 Servius,

244 2049 355 2111 regum
374 2026 584 2098 Albanorum,
604 2046 681 2106 quas
700 2024 813 2106 abjecit
831 2027 935 2085 statim
954 2023 1095 2084 offensus
1115 2030 1248 2087 materia
1267 2042 1296 2087 et

149 2108 153 2118 ¹
245 2119 413 2206 nominum
425 2115 606 2196 asperitate,
619 2127 714 2196 atque
728 2114 767 2174 ad
780 2115 947 2196 pastoralia
960 2136 991 2174 se
1003 2114 1158 2175 contulit:
1172 2138 1296 2177 revoca-

245 2208 302 2269 bat
316 2207 399 2267 enim
414 2218 578 2286 expertum
591 2201 657 2284 jam
674 2205 707 2264 in
724 2203 829 2265 Culice
845 2218 875 2264 et
891 2207 1054 2265 amoenitas
1072 2227 1177 2265 rerum
1193 2221 1223 2266 et
1237 2229 1295 2267 no-

246 2301 368 2359 minum
384 2296 506 2355 lenitas.
525 2295 675 2353 Poemata
693 2291 759 2374 ejus
776 2295 895 2376 generis
909 2292 1053 2376 pluscula
1065 2316 1164 2376 quum
1177 2295 1297 2357 effecis-

246 2401 307 2462 set,
320 2384 502 2463 recognovit
514 2401 550 2440 ea
560 2380 686 2440 demum
699 2403 733 2442 ac
742 2382 887 2464 perfecit,
899 2395 929 2442 et
940 2383 1049 2442 selecta
1062 2404 1097 2442 ex
1113 2381 1176 2443 illis
1189 2384 1295 2446 decern

245 2475 433 2556 Eclogarum
445 2470 537 2531 titulo
550 2469 648 2530 edidit
659 2492 779 2531 annum
791 2493 883 2554 agens
895 2472 1033 2532 XXXIII.

224 2687 226 2695 Α
284 2620 402 2676 Locum
416 2616 450 2673 in
465 2635 499 2673 ea
513 2613 651 2673 editione
665 2613 763 2674 Culici
779 2614 903 2675 nullum
918 2614 1017 2690 dedit,
1036 2619 1190 2696 quoniam
1206 2637 1296 2698 pecu:
1346 2647 1347 2684 l

245 2701 1294 2784 liaremhabueratjamanteetpropriameditionem.Verumtamen
1346 2697 1347 2745 l

245 2805 280 2854 ut
294 2793 328 2851 in
342 2791 499 2873 principio
514 2790 658 2849 AEneidos
672 2790 816 2850 Bucolica
830 2791 889 2850 sibi
904 2804 1011 2850 auctor
1023 2805 1116 2871 atquc
1128 2793 1293 2874 Georgica,

245 2895 276 2942 et
295 2881 328 2938 in
347 2878 409 2939 fine
429 2879 607 2958 Georgicon
628 2877 772 2936 Bucolica
792 2880 935 2952 asseruit,
956 2880 999 2937 ita
1016 2879 1050 2936 in
1067 2879 1189 2958 primo,
1212 2879 1295 2961 quod
1345 2909 1346 2946 ξ

246 2980 316 3050 post
325 2967 464 3027 Culicem
475 2965 664 3045 composuit,
675 2963 822 3025 bucolico
833 2968 970 3025 carmine
981 2967 1169 3036 memoriam
1182 2981 1293 3027 exstare
1345 2953 1346 2981 ¹

244 3057 347 3117 voluit
360 3069 391 3116 et
404 3055 532 3128 Culicis,
552 3065 582 3112 et
595 3051 662 3132 ejus
677 3055 751 3112 item
767 3057 884 3136 operis,
906 3054 992 3136 quod
1006 3054 1215 3116 inchoaverat
1229 3069 1293 3116 tan-

244 3158 327 3220 tum3
346 3164 447 3224 neque
463 3142 557 3201 aliam
574 3139 688 3200 habere
705 3140 761 3201 illa
777 3146 964 3204 sententiam
981 3158 1129 3225 possunt,
1152 3144 1294 3225 quaejam
1344 3165 1345 3219 i

245 3233 391 3313 descripsi
402 3255 409 3291 :
421 3234 525 3292 Prima
533 3233 701 3310 Syracosio,
712 3245 769 3291 etc.
780 3233 873 3310 Quod
884 3234 977 3293 dicit:
990 3236 1081 3293 Nune
1091 3254 1176 3314 eqo...
1190 3234 1293 3314 Agres-

246 3332 302 3380 tem
317 3321 395 3378 tenui
409 3317 570 3379 meditabor
581 3318 725 3379 arundine
740 3342 868 3396 musam,
881 3321 974 3402 plane
988 3321 1138 3380 indicata
1150 3321 1292 3380 militari·
1343 3337 1344 3378 t

243 3405 302 3463 bus
315 3407 518 3483 argumentis,
534 3427 602 3487 quae
615 3407 649 3464 in
661 3407 806 3466 manibus
819 3408 1003 3489 aliquandiu
1017 3406 1186 3482 habuerat,
1201 3421 1293 3467 trans-

245 3494 289 3550 irc
306 3511 336 3548 se
353 3489 392 3548 ad
405 3493 586 3570 pastoralia3
604 3508 639 3554 ut
654 3493 752 3553 illud:
768 3498 811 3556 At
826 3517 905 3556 nune
918 3495 1065 3556 horrentia
1078 3499 1190 3556 Martis
1203 3497 1293 3556 Anno

245 3581 394 3658 υἱηιιηᾳιιει
405 3600 495 3654 cano,
510 3585 676 3642 transitum
689 3583 845 3664 significat
857 3585 895 3644 de
909 3583 1137 3666 pastoralibus,
1152 3587 1292 3666 agrariis·
1342 3633 1343 3636 ,

245 3686 305 3746 que
322 3664 513 3726 carminibus
531 3669 571 3727 ad
588 3671 736 3732 militaria
753 3685 845 3753 atque
859 3671 996 3734 heroica.
1009 3675 1078 3750 Hoc
1090 3695 1184 3754 ergo:
1201 3676 1290 3755 Quum
1342 3665 1343 3691 ¹

243 3774 376 3813 canerem
393 3775 469 3836 repes
484 3770 513 3816 et
525 3757 641 3838 prelia,
662 3780 710 3820 res
728 3761 863 3841 intelligi
878 3771 1002 3843 oportet
1015 3763 1158 3837 bellicas,
1178 3761 1288 3845 quibus
1317 3765 1319 3775 ¹
1341 3765 1342 3806 ἶ

245 3838 413 3986 scribendlils
426 3863 552 3924 operam
568 3859 636 3906 tum
653 3845 761 3925 debat,
782 3870 880 3930 quum
898 3849 938 3908 ad
950 3851 1096 3912 Rucolica
1109 3865 1156 3912 est
1171 3870 1288 3912 revoca·

245 3943 295 3988 tus
308 3952 314 3986 :
328 3942 378 3988 etr
405 3949 438 4002 ⁰3
