2654 4590
286 291 342 352 IN
366 286 607 353 AENEIDOS
630 287 723 352 LIB.
752 289 814 352 IX.
1036 293 1077 356 33

32 412 73 472 loe
86 427 147 486 est,
163 413 359 472 orationem
370 411 436 470 Nisi
449 423 554 492 postea
567 409 658 492 dirigi
672 411 709 471 ad
722 412 845 470 Lunam
857 409 1077 492 apparentem,
1126 441 1130 448 =·

32 521 84 558 nam
99 500 157 560 illo
174 501 342 580 temporis
357 519 482 579 crepero
497 501 591 558 etiam
606 501 693 558 launa
710 501 857 560 cernitur.
1051 513 1053 516 '

57 591 121 670 375.
133 592 211 650 Non
223 591 332 650 otiose
343 603 376 648 et
385 591 518 668 seguiter
527 611 575 648 res
584 603 707 664 notata3
723 610 798 650 nam
811 591 918 648 statim
933 591 1079 652 Volseeus

8 735 9 738 ,
33 681 108 760 coepit
118 678 284 754 clamare,
299 692 334 738 ut
344 691 478 753 starent3
490 684 600 758 rogare
609 699 735 738 causam
744 679 817 753 viae3
831 681 884 760 qui
895 679 1008 738 esseut?
1018 702 1080 760 quo

34 765 93 824 iter?
106 765 156 825 illi
170 765 259 825 nihil
273 765 519 846 responderunt;
535 779 655 824 tantum
669 787 700 824 se
711 765 786 845 fuga
798 769 830 824 in
843 767 945 848 sylvas
960 768 1082 827 abdunt
1107 805 1121 811 ·-

8 929 9 932 y
35 875 112 933 quam
124 855 313 930 celerrime,
328 847 461 914 fidentes
475 853 538 914 illis
553 869 585 914 et
594 857 691 940 nocti.
705 855 877 936 ,Occupant
893 859 997 916 statim
1011 855 1082 916 hos·

35 953 64 998 tes
80 944 147 1002 vias
158 962 276 1002 omnes
290 955 327 1001 et·
336 939 537 1016 diverticula,
557 943 673 1023 quibus
686 944 785 1002 exitus
797 942 870 1002 inde
883 964 950 1003 esse
961 957 1082 1026 posset,

8 1027 9 1080 l
38 1048 64 1087 ae
74 1028 216 1090 abirent.
1032 1049 1033 1052 ’

8 1167 9 1174 1
63 1127 128 1186 381.
144 1128 328 1208 Descriptio
341 1126 442 1202 silvae,
461 1139 527 1186 tum
541 1149 559 1186 a
571 1126 723 1201 tenebris3
744 1149 819 1186 nam
831 1140 895 1186 tota
907 1129 1001 1188 dumis
1019 1129 1084 1189 hor·

8 1215 9 1272 l
38 1213 97 1288 ndu,
108 1230 139 1276 et
150 1219 242 1298 niqra
253 1215 335 1278 ilice:
346 1230 416 1275 tum
427 1237 444 1274 a
455 1215 626 1290 densitate;
640 1235 714 1274 nam
724 1229 815 1276 sentes
827 1217 953 1297 undique
962 1219 1085 1298 eonrple·

38 1321 107 1366 unt:
128 1307 206 1366 iude
222 1319 350 1382 natum,
373 1321 408 1366 ut
420 1327 490 1366 rara
506 1321 585 1366 esset
602 1307 727 1382 semita,
750 1327 819 1388 quae
836 1307 963 1366 duceret
976 1321 1084 1368 euntes

8 1455 9 1458 ,
38 1415 79 1474 per
92 1396 239 1456 occultos
254 1396 363 1454 ealles.
412 1417 416 1430 ·
464 1441 467 1446 s

8 1543 9 1552 ἦ
66 1484 133 1558 384.
146 1486 233 1565 Ergo
241 1482 290 1543 his
299 1503 460 1542 ramorum
467 1484 615 1559 tenebris,
628 1483 869 1567 deindepraeda,
878 1505 973 1565 quam
982 1505 1085 1544 secum

8 1565 9 1632 Ϊ
37 1574 181 1651 gestabat,
198 1573 374 1653 impeditur
383 1574 553 1654 Euryalus:
569 1574 690 1634 accedit
706 1577 800 1634 timor
811 1575 848 1633 ab
863 1575 977 1654 ignotis
987 1573 1084 1632 loeis:

8 1657 9 1664 '
38 1659 227 1719 considerate
235 1659 288 1720 hic
296 1662 437 1741 ponitur,
441 1659 582 1742 firlh'tque
593 1665 679 1722 timor
686 1665 802 1744 reqione
811 1665 936 1734 viarum,
945 1673 980 1720 ut
990 1660 1086 1719 insul-

8 1773 10 1840 Ξ
40 1763 73 1807 tet
82 1750 252 1830 praeteritae
263 1749 458 1823 exultentiae,
470 1771 524 1808 nec
533 1771 586 1809 nos
596 1753 642 1808 uia
647 1749 738 1834 fallet
746 1764 843 1812 euntes
849 1775 861 1824 ,-
873 1763 954 1809 certe
964 1747 1084 1810 fefellit.
1142 1765 1144 1772 ·

8 1841 9 1916 ᾗ
69 1840 137 1899 386.
156 1840 235 1896 Erat
250 1837 316 1920 jam
338 1839 428 1898 Nisus
448 1853 531 1899 extra
549 1841 737 1920 periculum3
764 1861 837 1900 nam
858 1853 888 1898 et
907 1840 1085 1920 perplexam

8 1943 9 2016 y
40 1927 169 2009 sylvam,
181 1942 221 1990 ¹et
238 1927 343 1988 hostes
360 1944 509 2004 evaserat,
530 1932 712 2010 imprudens
730 1931 920 1989 remanentis
938 1926 1084 2008 Euryali:

8 2017 10 2080 l
39 2032 96 2076 erat
109 2019 204 2078 etiam
217 2031 301 2076 extra
318 2018 409 2080 lacus,
420 2017 506 2094 illos,
526 2021 579 2100 qui
595 2019 792 2100 posteadieti
805 2018 935 2092 Albani,
950 2017 1003 2076 ubi
1018 2030 1085 2076 tum

8 2095 10 2128 r
39 2104 152 2164 stabula
165 2127 321 2186 equorum
338 2109 451 2166 Latini.
758 2153 761 2158 .

8 2133 10 2262 i
73 2195 139 2274 3⁸9.
158 2199 202 2255 Ut
218 2217 293 2255 vero
306 2199 396 2270 stetit3
415 2211 447 2257 et
456 2200 585 2258 amicum
598 2203 732 2280 respexit,
746 2197 799 2258 sed
804 2201 917 2282 frustra
924 2241 933 2270 ,
950 2197 1023 2276 quia
1035 2193 1084 2252 ab·

40 2297 153 2358 tentem,
175 2284 250 2346 vide
265 2289 437 2366 quotatta!
454 2287 564 2363 rediit,
585 2291 660 2369 qu'ia
671 2289 776 2370 puduit
793 2291 853 2346 sine
861 2289 957 2370 fratre
969 2286 1082 2356 reuerti,

8 2437 9 2448 ,
41 2374 77 2430 ait
93 2375 165 2434 Stat.
187 2377 248 2448 lx,
272 2373 371 2434 Theb.
389 2391 419 2435 et
438 2379 545 2436 Nisum
565 2380 633 2436 sine
652 2379 763 2436 amico.
782 2378 860 2434 Tum
880 2393 953 2432 vero
965 2373 1085 2430 elama-

41 2458 173 2523 bundus:
195 2485 215 2523 o
232 2463 342 2524 infelix
356 2487 430 2546 ego,
450 2479 515 2525 otu
530 2466 654 2541 infelix,
674 2465 821 2549 Euryale!
842 2463 948 2523 referri
967 2480 1027 2519 vox
1044 2457 1085 2516 ad

42 2563 199 2633 utrumque
216 2567 337 2634 potest3
355 2555 408 2614 ubi
422 2555 532 2636 reliqui
550 2555 608 2616 te?-
619 2553 649 2615 s'e
666 2567 823 2616 auctorem
842 2552 918 2612 facit
930 2571 965 2610 ex
981 2550 1012 2608 vi
1029 2546 1084 2604 do·

43 2635 118 2697 loris!
133 2663 199 2722 qua
213 2663 326 2722 sequar
337 2642 386 2702 te?
398 2645 470 2704 Haec
483 2646 527 2704 ita
539 2643 689 2720 breviter,
704 2665 744 2704 ne
755 2658 880 2724 tempus
893 2653 985 2710 terat,
998 2650 1028 2696 et
1039 2637 1086 2694 in-

45 2731 122 2788 terim
133 2731 333 2812 periclitetur
351 2733 519 2815 Euryalus:
532 2736 735 2794 Consumeret
748 2733 809 2794 hoc
823 2734 893 2794 loeo
909 2729 1022 2810 aliquis
1036 2727 1084 2782 in-

45 2821 205 2898 cogitanter
221 2820 329 2902 plures
347 2843 451 2882 versus
470 2827 501 2882 in
519 2823 670 2904 jactandis
688 2825 841 2905 querelis:
862 2825 968 2898 itaque
980 2815 1085 2874 statim

41 2904 78 2962 «td
96 2908 270 2987 periculum
292 2909 398 2983 redit31
421 2931 522 2992 neque
542 2911 649 2972 horret
666 2915 724 2970 iter
742 2910 940 2992 perplexum3
966 2901 1085 2982 sylvam

8 3005 10 3016 ’
45 2992 177 3057 fallacem
192 3019 301 3057 rursus
316 2998 466 3074 revolvit3
482 3002 557 3080 legit
569 3015 650 3061 retro
663 3002 806 3078 vestigia,
824 3013 893 3074 quae
907 2991 1014 3050 abiens
1029 2987 1084 3046 ob-

46 3101 228 3146 servaverat:
245 3102 326 3146 errat
340 3109 397 3168 per.
410 3088 662 3164 loca'sentico'sa,
678 3103 708 3147 et
719 3085 822 3146 dumis
837 3079 974 3141 horrida·

8 3221 9 3232 2
84 3172 146 3254 394.
167 3179 389 3253 Praecesserat,
411 3199 525 3237 errasse
542 3181 651 3238 Nisum
670 3198 725 3259 per
745 3176 868 3236 silentes
885 3171 1013 3240 dumos,
1033 3166 1083 3224 cui

74 3301 128 3356 381.
144 3303 216 3356 Silva
225 3305 299 3376 fuit,
312 3317 359 3356 etc.
377 3307 466 3357 Brevis
480 3305 538 3357 des·
583 3307 653 3368 abit,
664 3305 797 3376 longeque
804 3297 1081 3362 anteomniacorpora

47 3384 142 3452 cuprio,
153 3397 242 3455 etqua
251 3405 282 3437 ea
290 3385 348 3437 sola
356 3387 537 3452 continentur,
582 3387 662 3437 Nisus
675 3386 809 3435 Emicat»
826 3381 894 3432 Seru.
964 3389 968 3400 ¹

48 3479 96 3529 ‘1¹¹le
107 3481 222 3515 ‘mrem
235 3465 352 3538 Euryalo
368 3467 459 3516 facere
474 3483 538 3536 poa·
618 3468 677 3536 390.
694 3461 794 3534 infelix
807 3479 859 3533 qua
871 3469 895 3509 te
907 3456 1008 3528 reqione
1022 3450 1081 3502 reli-

47 3541 98 3590 siut.
113 3543 170 3593 Huc
181 3547 301 3614 separati
313 3557 389 3609 sunt,
403 3561 470 3614 quos
483 3545 537 3596 dis·
581 3545 636 3616 qui.
648 3544 680 3594 Se
691 3541 824 3592 infelicem
837 3538 916 3601 dixit,
931 3535 977 3604 qui
990 3531 1078 3582 dolet:

47 3622 112 3670 remi
121 3639 173 3672 non
185 3625 315 3693 oportuit.
327 3625 424 3674 Donat.
582 3641 635 3674 non
647 3622 736 3686 illum,
748 3633 859 3691 propter
871 3633 950 3687 quem
962 3611 1043 3662 dolet.
1053 3611 1078 3661 S.

8 3711 9 3736 ³
75 3699 537 3778 385·Reqionepiamni.1109ionem
582 3731 617 3742 -
634 3701 738 3771 Duplex
757 3712 795 3752 est
814 3699 909 3750 lectio:
927 3691 970 3744 vel
989 3689 1082 3741 infelix

8 3787 10 3816 l
48 3776 83 3828 hic
93 3792 189 3832 rectum
201 3783 253 3834 iter
263 3781 344 3845 dixit,
358 3782 449 3846 abeo,
464 3780 537 3851 quod
581 3779 708 3852 Euryale,
719 3779 774 3841 vel,
788 3775 914 3848 Euryale,
927 3789 976 3842 ego
989 3768 1082 3819 infelix

8 3907 9 3926 r
50 3860 537 3926 '‘sewamitem.-Nisusattr.nene
582 3877 635 3930 qua
650 3859 758 3930 regione
769 3857 865 3926 reliqui
876 3854 919 3904 tei
934 3847 986 3900 Sed
997 3847 1081 3918 magis

8 3963 9 4002 ἶ
51 3936 155 3986 memini!
174 3939 340 4002 V0¹⁰ci¹³fi⁸2
363 3957 444 4008 quam
465 3940 538 3992 eiin
583 3939 618 3992 ad
630 3957 657 3991 se
670 3939 764 4002 refert,
777 3937 821 3988 cui
832 3934 937 3985 labores
945 3928 1088 4002 etperieu·.

8 4075 9 4078 ,
53 4017 131 4081 ‘lm
142 4020 244 4074 AEneid·
258 4019 337 4074 dedit
346 4043 352 4071 ι
362 4031 405 4087 ut,
413 4021 538 4092 uel'rimus
583 4019 610 4084 la
617 4021 673 4088 jam
681 4029 805 4090 peraeta,
815 4009 960 4086 repetenda
972 4008 1032 4058 sint.
1045 4003 1078 4053 D.

8 4123 134 4206 tt
889 4101 905 4150 ³
