2688 4598
473 277 690 342 LAUDES:
738 289 740 296 “
1034 279 1094 345 361

35 401 126 459 ideo
144 422 163 459 a
177 399 315 459 Macrob.
331 401 345 457 Ι
364 399 422 459 Sat.
442 399 472 458 d.
488 399 508 457 l.
524 413 652 459 vocatur
671 399 840 458 «Pontifex
859 381 1051 476 martinius»;
1069 413 1099 461 et

37 512 55 542 ιι
73 488 263 547 doctissime
273 485 323 565 jus
337 487 692 567 pontificum,tanquam
704 485 942 568 hocprofessus‚
955 491 986 548 in
1000 489 1101 548 multa·

36 589 74 633 et
92 576 182 633 varia
199 577 300 655 operis
314 575 359 632 sui
378 587 463 653 parte
478 577 646 660 servavit.»
662 576 794 633 lterum:
814 600 826 628 ιι
838 576 918 656 apud
931 574 1015 635 hunc
1027 596 1099 656 poe-

34 675 116 718 tam
138 676 260 720 tantam
279 661 440 719 scientiam
452 660 529 738 juris
544 661 699 739 auguralis
718 664 858 738 invenie,
877 677 909 722 ut
925 665 949 722 si
967 665 1099 724 aliarum

37 749 291 829 disciplinarum
306 749 447 808 doctrina
460 748 693 826 destitueretur,
707 750 772 810 haec
785 751 873 809 illum
886 751 934 810 vel
947 753 1012 811 sola
1027 772 1100 833 pro-

36 837 146 897 fessio
159 840 352 898 sublimaret.
363 864 377 893 ιι
390 839 428 896 Et
438 836 493 897 lib.
505 839 564 912 lll;
577 864 590 894 ιι
602 854 740 906 accurate
753 843 899 921 expressit
912 841 1047 900 diversos
1059 843 1104 900 ri·
1125 852 1129 858 “

39 941 100 988 tus
122 928 319 989 sacrificandi
335 930 576 1009 :proprietatem
597 932 730 989 servavit
747 932 780 990 in
794 931 932 991 Deorum
947 931 1101 990 cultibus:
1166 948 1171 957 “

40 1017 200 1098 loquitur
221 1041 255 1078 ex
276 1019 440 1097 disciplina
461 1020 655 1100 aruspicum,
674 1034 704 1079 et
722 1009 880 1101 praecepto
895 1020 1100 1102 pontificum:

43 1128 112 1166 nec
125 1109 233 1166 minus
245 1107 283 1166 de
293 1105 516 1168 sacrificiorum
530 1129 604 1183 usu,
615 1131 710 1189 quam
721 1108 759 1168 de
768 1107 906 1170 Deorum
917 1111 1046 1169 scientia
1058 1109 1103 1167 di-

42 1197 220 1278 ligentiam
238 1219 327 1256 suam
341 1199 469 1278 pandit:
487 1198 547 1258 fuit
561 1201 593 1257 in
613 1199 703 1260 rebus
722 1199 883 1281 religionis
900 1200 1104 1282 prudentissi-

44 1307 123 1344 mus
140 1301 172 1346 et
189 1285 494 1368 observantissimus:
511 1290 637 1369 proprie
650 1311 724 1348 usus
737 1303 781 1348 est
795 1291 902 1364 sacris,
916 1286 1104 1348 sacrificiali-

45 1371 177 1456 busque
193 1377 311 1435 verbis:
327 1378 427 1435 tenuit
441 1378 582 1458 apprime
594 1380 814 1437 vetustissimos
826 1398 946 1451 morea,
963 1374 1104 1436 occultis·

37 1463 134 1542 ,sima
155 1458 251 1524 sacia.
264 1491 278 1520 ιι
297 1465 433 1546 Agellius
453 1466 508 1525 lib.
529 1466 590 1524 Ill:
610 1493 624 1522 ιι
637 1466 779 1548 loquitur
795 1467 954 1527 recondita
969 1478 998 1523 et
1015 1464 1104 1545 quasi

48 1567 165 1633 operta
178 1558 287 1615 veteris
301 1558 378 1615 ritus
392 1555 630 1637 significatione.
643 1584 656 1612 ιι
671 1560 793 1617 Jovian.
806 1557 859 1616 lib.
873 1557 886 1614 l
899 1557 937 1616 de
947 1553 1105 1614 fortitudi-
1173 1593 1177 1602 -

48 1663 94 1700 ne
116 1659 210 1703 vocat
226 1646 393 1725 Virgilium
408 1667 564 1707 sacrorum
584 1649 703 1711 rituum
721 1649 968 1708 scientissimum.
993 1645 1106 1703 Crinit.

50 1729 111 1788 lib.
129 1735 158 1791 X
172 1731 302 1812 loquens
317 1734 355 1793 de
367 1734 491 1815 Virgilii
506 1733 614 1793 divino
628 1737 780 1810 carmine,
793 1737 851 1794 ait:
867 1761 880 1792 ιι
892 1737 925 1792 in
940 1753 1003 1813 quo
1018 1751 1107 1790 sacra

52 1821 181 1893 omnia,
196 1834 226 1878 et
240 1819 384 1882 humanae
403 1823 484 1903 leges
504 1837 598 1903 atque
613 1825 692 1882 ritus
708 1835 795 1881 tanta
812 1821 1010 1882 ordinatione
1024 1832 1109 1876 trac-

52 1920 181 1980 tantur,
195 1923 229 1968 ut
241 1932 311 1970 eum
324 1913 429 1970 mirari
443 1914 548 1992 potius
562 1911 705 1972 homines
718 1913 853 1994 possint,
867 1931 961 1992 quam
974 1929 1031 1990 pro
1044 1927 1108 1966 me·

53 1999 120 2056 rito
133 1999 206 2059 satis
218 2000 353 2062 laudare.
364 2027 377 2058 ιι
391 2003 473 2063 Hinc
485 2003 615 2063 fortasse
625 2002 726 2064 dictus
738 2003 777 2062 ab
790 2005 927 2085 Augusto
939 2001 1029 2059 Maro
1038 1997 1110 2056 ‘doc-

56 2082 196 2166 tiloquus.

97 2175 173 2256 Fuit
187 2181 415 2257 amantissimus
430 2195 458 2243 et
473 2182 694 2240 scientissimus
709 2201 902 2242 varusraris.
918 2173 1114 2252 Quintilian:¹

55 2261 114 2320 lib.
128 2263 156 2338 l,
170 2266 336 2347 «Virgilius
347 2271 577 2328 amantissimus
589 2270 764 2328 vetustatis:
776 2295 789 2324 ιι
804 2283 834 2326 et
847 2268 900 2325 lib.
913 2265 970 2337 lx,
983 2263 1110 2318 «Vetus-

55 2353 132 2409 tatis
152 2371 271 2414 amator
285 2359 376 2416 unice
390 2357 537 2438 Virgilius
554 2357 623 2416 fuit.
635 2383 648 2412 ιι
667 2357 830 2416 Macrob.l
848 2359 909 2415 Sat.
927 2375 933 2408 ι
956 2375 970 2404 ι
982 2349 1109 2408 affectat

57 2439 219 2502 interdum
233 2460 417 2506 vetustatem
430 2441 493 2506 tam
509 2448 540 2504 in
556 2446 704 2523 versibus,
722 2460 784 2505 tam
801 2447 834 2504 in
848 2444 967 2503 verbis:
979 2463 993 2504 a
1008 2451 1038 2500 et
1050 2434 1110 2494 lib·

57 2531 120 2590 VI:
139 2557 154 2586 ιι
164 2531 267 2593 bausit
279 2535 368 2600 'voces
380 2557 417 2593 ex
432 2535 644 2593 vetustissimis
660 2534 851 2607 auctoribus,
864 2553 928 2590 non
943 2539 1110 2590 contentus

56 2619 257 2699 vulgaribus,
278 2635 308 2680 et
327 2625 380 2702 qui
398 2636 473 2682 tunc
492 2623 645 2703 vigebant.
657 2649 670 2678 ιι
689 2623 773 2702 Agel.
791 2619 846 2680 lib.
858 2622 899 2680 V:
919 2615 1110 2698 «Virgilium

57 2709 169 2769 multae
195 2713 388 2792 antiquitatis
407 2712 584 2786 hominem,
610 2715 674 2772 sine
698 2712 910 2772 ostentationis
933 2705 1007 2769 odio
1029 2707 1111 2788 peri-

58 2813 141 2858 tum.
153 2825 166 2856 ιι
182 2801 295 2860 Coelius
310 2800 366 2860 lib.
385 2824 434 2876 ¹23
453 2828 466 2856 ιι
480 2805 638 2862 vetustatis
655 2801 915 2883 prudentissimus
929 2801 1018 2858 Maro
1030 2818 1062 2854 :t
1081 2805 1111 2853 et

57 2886 116 2946 lib.
136 2889 188 2958 283
209 2912 222 2942 ιι
232 2889 394 2958 Mantuani
413 2892 489 2949 vatis
508 2892 635 2949 interior
652 2890 803 2950 doctriua.
815 2915 828 2944 ιι
848 2889 894 2946 ΑιΙ
909 2887 990 2946 hanc
1005 2903 1109 2943 rerum

58 2989 251 3035 vetustarum
269 2978 426 3036 scientiam
444 2977 550 3037 confer
566 2977 723 3054 historias,
739 2997 872 3059 quorum
887 2975 948 3034 fuit
957 2971 1111 3054 pernisi-1
1167 2983 1172 2990 ’

60 3084 149 3135 mus,
165 3077 200 3120 ut
213 3078 365 3124 testantur
375 3065 514 3124 Macrob.
528 3066 582 3124 lib.
594 3069 756 3126 V'Saturn.
772 3080 802 3124 et
813 3067 894 3124 Serv.
904 3065 940 3122 'in
954 3063 966 3120 Ι
979 3061 1047 3118 AEn.

100 3151 223 3212 Didicit
236 3156 364 3213 Gnmcas
376 3153 490 3212 literas.
505 3156 643 3214 Macrob.
657 3159 695 3231 V,
708 3158 767 3216 Sat.
782 3180 795 3209 ιι
804 3147 842 3214 'Et
852 3151 1047 3213 Eustathius:
1060 3168 1112 3207 ea·v

62 3263 119 3315 ve,
139 3242 258 3322 inquit,
271 3241 442 3321 Evangele,
455 3245 634 3302 Graecorum
651 3247 840 3324 quamquain
859 3240 907 3301 vel
926 3240 964 3298 de
981 3239 1111 3298 summis

62 3331 241 3390 auctoribus
258 3343 375 3388 tautam
388 3333 501 3390 Graecae
521 3331 671 3391 doctrinae
691 3330 828 3390 hausissie
846 3325 1111 3410 copiam'credas‚

62 3432 216 3500 quantum
237 3419 361 3477 solertia
377 3419 516 3478 Maronis
535 3421 582 3478 vel
600 3435 734 3480 assecuta
750 3433 812 3491 est,
828 3416 874 3475 vel
893 3419 926 3474 in
943 3437 998 3476 suo
1018 3435 1111 3496 opere

18 3581 20 3592 Ι
62 3509 206 3588 digessit:
227 3529 299 3566 nam
314 3523 422 3588 praeter
436 3508 646 3591 philosophiae
660 3524 690 3568 et
705 3510 903 3568 astronomiae
918 3507 1055 3586 amplam
1072 3504 1112 3564 il·

62 3596 127 3656 lam
140 3598 279 3677 copiam,
294 3596 331 3655 de
347 3619 409 3679 qua
424 3619 514 3680 supra
531 3597 744 3671 disseruimus,
759 3617 824 3654 aton
839 3617 934 3674 parva
948 3607 1022 3653 sunt
1033 3593 1110 3668 alia,

38 3705 40 3711 ’
65 3706 134 3766 quae
144 3687 237 3744 traxit
247 3689 265 3744 a
275 3686 405 3762 Graecis,
417 3701 445 3745 et
455 3689 584 3746 carmini
597 3708 668 3760 suo,
679 3699 828 3766 tanquam
839 3684 904 3743 illio
913 3696 989 3745 nata
1002 3697 1114 3742 conse-'

63 3778 161 3835 ruit.»
172 3775 257 3834 Idem
268 3777 406 3836 Macrob.
420 3777 564 3858 ulGraecas
575 3777 676 3836 literas
688 3797 753 3835 non
766 3775 869 3833 minus
880 3794 974 3855 quam
984 3771 1112 3832 Latinas

64 3859 177 3922 bausit.
185 3863 344 3922 Albericus
355 3866 500 3924 Gentilis:
515 3865 681 3945 «Virgilius
689 3865 736 3922 uir
744 3865 887 3922 omnium
898 3860 1110 3942 graecissimus.

102 3954 177 4012 Fuit
195 3951 321 4013 demum
340 3957 511 4036 generatim
529 3959 656 4016 Aurium
669 3975 797 4014 OMNIUM
816 3945 1111 4012 doctissimusahoc
