2726 4592
273 304 335 372 338
481 298 546 362 DE
568 293 758 360 CULICE
780 292 1094 361 VIRGlLlANO

375 425 435 492 Qua
447 421 561 474 deducta
573 435 655 489 genas
667 415 821 488 pandebant
833 415 934 468 lumine
945 420 1067 489 gemb,

375 504 434 632 ligati:
442 501 557 630 ¹seepiioris
569 511 626 554 erat
637 510 738 552 ustura
750 495 852 570 pupula
861 496 915 552 telo

271 701 310 758 Et
323 695 470 756 idoneum
484 705 598 776 putant
609 693 792 774 Virgilium,
808 694 858 756 cui
875 694 932 754 isto
947 692 1106 754 tribuant?
1122 695 1316 777 virgilianus

270 802 394 870 pastor,
410 787 595 866 interempto
605 786 709 845 statim
721 797 877 864 serpente,
889 781 1045 850 tutuulum
1056 785 1198 846 struebat
1207 787 1315 847 Culici.

271 877 330 936 Hic
346 887 452 956 pastor
468 873 597 933 domum
616 872 788 946 reducitur,
808 887 843 932 ut
859 869 938 931 lecto
955 873 1147 953 compositus
1162 875 1269 936 videat
1285 877 1317 934 in

271 963 388 1027 somnis
402 959 536 1040 effigient
548 961 653 1020 obtriti
667 961 796 1033 Culicis,
810 973 841 1020 et
853 958 960 1020 audiat
970 959 1008 1020 de
1021 959 1196 1038 Charonte,
1211 963 1251 1022 de
1262 963 1318 1022 ru-

270 1053 325 1113 riis
337 1073 372 1111 ac
385 1051 536 1124 Cerbero,
556 1051 594 1110 de
606 1049 733 1132 Orpbeo
748 1064 777 1110 et
792 1049 958 1131 Eurydice,
973 1048 1012 1109 de
1024 1053 1235 1132 Argonautis,
1247 1054 1318 1111 Tro-

268 1139 344 1224 jano
358 1139 454 1216 bello,
474 1140 592 1223 Ulyssis
606 1140 724 1214 reditu,
744 1141 851 1199 Graeca
866 1140 952 1202 omni
967 1140 1175 1222 Romanaque
1190 1140 1320 1202 historie

271 1233 335 1292 'non
349 1231 513 1313 puerilem,
532 1228 584 1290 sed
601 1232 777 1312 pecuariam
795 1229 1068 1306 declamationem
1086 1230 1176 1313 cujus
1188 1230 1257 1292 berc
1271 1231 1319 1290 de·

272 1343 359 1384 mum
373 1321 532 1384 conclusio
545 1333 606 1380 este

376 1447 446 1518 Ergo
456 1449 511 1515 jam
525 1463 632 1498 causam
644 1446 737 1495 mortis
749 1463 792 1496 me
804 1443 891 1496 dicere
903 1443 943 1515 (1)
954 1446 1048 1496 vincta

375 1524 540 1578 Verberibus
553 1541 621 1574 saero
635 1535 735 1593 cogunt
744 1521 778 1573 ab
788 1522 879 1592 judice
890 1524 990 1588 roenae,

378 1607 467 1674 Quum
480 1606 545 1660 mibi
557 1617 586 1658 tu
599 1606 634 1659 sis
647 1623 727 1656 cansa
740 1604 815 1666 mali;
829 1623 878 1656 nec
890 1606 1013 1657 conscius
1026 1603 1114 1666 adsis;

377 1685 429 1738 Sed
441 1685 625 1738 tolerabilibus
636 1686 707 1738 curis
718 1684 775 1738 baec
787 1686 926 1740 immemor
936 1685 1022 1736 audis.

273 1797 416 1878 OEdipus
431 1798 491 1857 fuit
506 1797 558 1856 hic
574 1811 697 1879 pastor,
716 1818 780 1856 non
793 1799 931 1878 Tityrus,
950 1799 974 1856 si
989 1795 1142 1858 intellexit
1157 1797 1235 1880 quid
1251 1816 1318 1860 suus

271 1885 365 1946 vellet
377 1885 482 1945 Culex.
496 1884 580 1945 lstud
594 1893 666 1945 vero
681 1884 775 1965 (164)
789 1885 827 1946 de
839 1899 981 1968 serpente
994 1905 1090 1968 quam
1102 1883 1257 1946 latinum?

301 2007 304 2014 ’
378 2007 465 2060 Obvia
477 2009 593 2061 vibranti
604 2029 718 2080 carpens
730 2013 818 2082 gravis
831 2030 893 2064 aera
904 2010 1005 2095 linguat

273 2119 353 2178 Aera
365 2119 466 2180 obvia!
480 2121 564 2196 Quid
583 2121 643 2182 hoc
657 2127 790 2183 monstri
803 2123 864 2184 est?
881 2122 1030 2182 exclamat
1044 2123 1079 2182 in
1094 2122 1321 2182 commentario
1353 2131 1354 2176 ᾗ

273 2208 506 2270 Taubmannus.
519 2210 641 2285 Quaerit
651 2212 791 2295 exempla
804 2213 918 2295 quibus
928 2212 1050 2272 dictum
1061 2225 1200 2286 excuset,
1215 2231 1271 2269 nec
1282 2211 1323 2267 in·
1353 2183 1354 2275 l

206 2367 213 2378 ⁵
275 2299 375 2372 venit,
392 2312 486 2380 atque
502 2319 538 2360 eo
555 2299 712 2363 delabitur
726 2301 868 2378 tandem,
886 2314 919 2360 ut
935 2299 1036 2376 dicet,
1051 2298 1112 2358 boc
1127 2313 1158 2360 et
1172 2296 1323 2360 nonnulla

275 2385 428 2466 ejusmodi
440 2389 516 2462 alia,
530 2411 599 2470 que
609 2392 643 2450 in
653 2389 715 2450 boc
726 2394 884 2472 poematio
897 2403 1080 2463 occurrunt,
1091 2387 1217 2468 judicio
1230 2409 1284 2448 suo
1297 2398 1323 2444 et

275 2471 413 2534 libertati
429 2481 556 2557 poeticus
573 2477 741 2557 Virgilium
754 2479 925 2538 indulsisse.
943 2478 1076 2558 Virgilio
1089 2476 1222 2558 quidem
1237 2492 1322 2536 usum
1352 2557 1353 2562 ἵ

273 2563 400 2642 judicii,
419 2587 482 2647 quo
504 2567 702 2647 singulariter
720 2569 880 2643 excelluit,
899 2565 991 2630 fuisse
1010 2567 1112 2626 alium
1129 2581 1221 2648 puto.
1246 2562 1323 2642 Quid
1352 2589 1353 2625 l

278 2665 381 2710 autem
401 2669 445 2712 est
465 2656 498 2714 in
518 2654 674 2715 veteribus
695 2657 819 2715 laciniis
836 2672 900 2716 tam
919 2655 1062 2737 ineptum
1083 2676 1120 2715 ac
1140 2655 1323 2725 barbarum,

278 2739 363 2818 quod
377 2744 503 2822 optimis
516 2745 720 2824 scriptoribus
735 2765 799 2804 non
814 2746 932 2804 tribuat
943 2743 1010 2803 baec
1023 2744 1123 2804 ratio?

317 2830 477 2906 Quosdam
489 2853 553 2894 esse
565 2835 643 2908 scio,
662 2835 715 2914 qui
731 2846 760 2892 et
772 2835 925 2916 Scaligero
940 2847 971 2894 et
985 2833 1101 2907 Culici,
1122 2855 1220 2916 quem
1235 2833 1323 2894 babe-
1351 2905 1352 2920 ἵ

278 2938 360 2995 mus,
373 2923 552 3003 praesidium
565 2944 601 2982 ex
615 2922 675 2982 hoc
689 2923 841 2982 Martialis
853 2935 960 3006 petent
974 2922 1114 2984 disticho
1127 2946 1135 2985 ι
1351 2923 1352 2944 ’

383 3049 506 3098 Protinus
518 3047 620 3098 ltaliam
633 3049 770 3118 concepit,
783 3061 810 3099 et
822 3069 894 3101 arma
907 3051 1062 3120 virumque,
1149 3103 1157 3122 ι

420 3126 473 3192 Qui
485 3125 567 3176 modo
579 3128 622 3176 vix
633 3125 751 3177 Culicem
763 3126 872 3182 fleverat
883 3147 929 3179 ore
941 3126 1013 3180 rudi.

319 3236 388 3311 Quo
400 3239 481 3300 effici
492 3241 678 3314 existimant,
688 3261 705 3307 a
716 3241 822 3306 Culice
830 3243 1000 3324 Virgilium
1009 3241 1174 3302 transiisse
1186 3241 1226 3300 ad
1237 3238 1325 3300 AEnei-

280 3323 365 3398 dem3
382 3347 484 3412 neque
500 3332 615 3390 mirum
633 3333 658 3390 si
676 3352 742 3392 uon
759 3335 800 3392 sit
815 3353 889 3394 suus
905 3334 939 3392 in
956 3332 1079 3404 Colice,
1097 3335 1150 3392 cui
1168 3329 1324 3394 scribendo

280 3411 390 3472 rudem
405 3438 440 3476 ac
451 3421 532 3479 male
544 3419 687 3480 limatum
704 3420 851 3482 adbibere
864 3423 980 3504 stylum
995 3420 1142 3482 voluerit.

319 3504 447 3564 Cassum
458 3511 616 3592 utrimque
626 3511 816 3592 praesidium.
831 3513 965 3576 Transiit
978 3511 1107 3591 quidem
1120 3532 1137 3570 a
1149 3510 1259 3572 Culice
1268 3511 1325 3569 Vir·

280 3587 371 3666 gilius
385 3592 422 3649 ad
438 3614 485 3652 res
497 3594 601 3669 Italas,
616 3599 865 3673 siveRomenus3
879 3598 931 3658 sed
948 3597 1013 3658 haec
1029 3599 1113 3667 inter
1127 3613 1225 3679 atque
1236 3596 1325 3658 AEnei·

281 3675 368 3750 dem,
380 3679 525 3738 Bucolica
536 3683 729 3745 intervenere
742 3699 771 3745 et
781 3688 939 3768 Georgica.
953 3683 1051 3760 Illud,
1067 3707 1116 3745 ore
1129 3687 1198 3746 rudi
1211 3703 1322 3754 canere,

281 3763 358 3842 quid
375 3767 427 3839 sit,
447 3787 512 3826 non
529 3771 682 3830 intellexit
698 3776 853 3834 Domitius
871 3773 923 3833 ille
940 3774 1145 3852 Calderinus,
1166 3779 1218 3836 cui
1238 3792 1323 3834 accre-

281 3851 361 3910 dunt
372 3859 494 3914 notanti
506 3859 636 3936 perinde
645 3881 709 3920 esse
721 3879 813 3945 atque
826 3864 957 3944 impolito
968 3869 1109 3926 carmine.
1125 3869 1229 3927 Satius
1240 3864 1322 3926 fuerit

318 3991 356 4061 (r)
370 3994 439 4063 Lege
453 3996 556 4060 cinctoe,
572 3999 629 4051 Cul.
644 4021 670 4060 r.
685 4004 746 4072 375.
