2726 4592
262 298 380 364 VITA
402 301 436 362 P.
461 297 690 362 VIRGlLlI
713 298 955 365 MARONIS.
1064 305 1125 370 285

88 413 174 477 Alius
190 424 335 483 recitanti
351 445 387 484 ea
401 443 437 482 ex
448 422 619 502 Georgicis:
637 421 743 482 Nudus
751 442 805 480 ura
810 468 819 496 ,
834 443 892 482 sere
903 422 1012 497 nudus,
1026 425 1128 506 subje-

89 504 147 578 cit,
160 504 278 569 habebis
278 511 395 593 sriqora
402 555 411 583 ,
416 509 538 592 febrem.

128 593 181 652 Est
194 609 226 654 et
239 597 385 658 adversus
398 597 524 657 AEneida
539 597 616 656 liber
628 597 753 656 Carvilii
767 598 914 672 Pictoris,
926 599 1018 658 titulo
1031 600 1128 658 AEnei-
1164 601 1197 654 62

9 727 11 732 ,
87 675 254 744 domasttx.
266 687 309 745 M.
318 687 482 766 Vipsanius
494 705 511 744 a
525 686 691 744 Maecenate
701 704 773 744 eum
785 688 981 766 suppositum
995 687 1129 768 appella·
1151 679 1155 688 ¹

89 765 141 828 bat
157 793 249 834 novae
268 781 419 858 κακοζηλίας
435 789 642 857 repertorem3
662 795 728 834 non
747 775 891 848 tumide,
909 797 1009 856 neque
1028 776 1127 853 exilis,

88 856 138 916 sed
153 881 190 920 ex
213 866 437 926 communibus
456 864 573 939 verbis,
590 879 684 944 atque
700 863 772 923 ideo
790 864 933 924 labentis.
954 867 1127 926 Herennius

9 973 11 1020 ,
87 956 208 1012 tantum
225 956 299 1015 vitia
316 956 383 1036 ejus
394 956 562 1028 contraxit,
578 953 706 1014 Perilius
720 955 886 1014 Faustinus
901 953 993 1013 furta.
1007 957 1084 1015 Sunt
1100 971 1129 1016 et
1167 959 1202 1013 63

88 1031 125 1108 Q.
138 1038 261 1101 Octavii
275 1045 354 1103 Aviti
364 1032 563 1122 ὁμοιοτελεύτων
574 1055 645 1101 octo
659 1041 835 1115 volumina,
848 1043 963 1122 quibus
979 1055 1130 1102 annotan-

9 1153 10 1180 1
87 1131 152 1198 tur,
168 1148 250 1207 quos
265 1143 296 1189 et
315 1131 398 1190 unde
412 1150 517 1189 versus
531 1128 730 1189 transtulerit.
745 1131 893 1188 Asconius
910 1127 1078 1202 Pedianus,
1094 1129 1130 1189 li·
1167 1136 1201 1202 64

9 1247 10 1252 1
88 1201 146 1269 bro
156 1233 251 1292 quem
265 1231 372 1278 contra
384 1217 605 1277 obtrectatores
619 1214 743 1295 Virgilii
761 1217 898 1297 scripsit,
913 1238 1009 1297 pauca
1023 1217 1129 1276 admo-

87 1292 163 1356 dum
180 1303 208 1360 ei
225 1303 346 1382 objecta
362 1305 467 1385 ponit3
484 1318 514 1364 et
529 1304 739 1386 potissimum,
757 1301 840 1385 quod
857 1325 921 1363 non
937 1318 1018 1363 recte
1034 1303 1130 1364 histo·

9 1379 10 1446 J
88 1384 166 1444 riam
179 1394 353 1465 contexuit,
366 1407 396 1452 et
407 1393 492 1474 quod
509 1392 654 1473 pleraque
666 1392 705 1451 ab
716 1394 854 1452 Homero
869 1395 990 1451 sumsit.
1002 1392 1056 1450 Sed
1072 1392 1130 1451 hoc

9 1535 10 1542 ,
89 1477 208 1536 crimen
232 1481 274 1538 sic
296 1479 462 1542 defendere
481 1493 635 1543 assuetum
658 1483 719 1540 ait:
744 1481 831 1540 uCur
849 1502 913 1540 non
936 1481 980 1539 illi
1003 1502 1130 1561 quoque

9 1575 10 1582 ’
89 1562 196 1624 eadem
206 1565 291 1628 furta
302 1569 597 1630 tentarentiVerum
611 1569 839 1644 intellecturos,
853 1567 973 1628 facilius
984 1590 1046 1628 esse
1056 1571 1132 1628 Her·

9 1653 10 1722 ἶ
88 1651 149 1711 culi
170 1655 306 1732 clavam,
330 1681 426 1741 quarn
449 1663 588 1719 Homero
610 1680 732 1718 versum
756 1661 909 1739 surripere
918 1683 951 1733 ”3
973 1673 1004 1716 et
1029 1672 1131 1717 tamen

9 1785 10 1830 4
89 1738 257 1888 dedstinasse
269 1747 422 1826 secedere,
436 1763 471 1808 ut
483 1750 590 1808 omnia
605 1748 643 1808 ad
657 1749 828 1808 satietatem
843 1747 1069 1807 malevolorum
1082 1747 1132 1806 de-

9 1845 10 1850 *
90 1849 115 1886 er
139 1847 212 1893 eret.

125 1921 221 1982 XVll.
241 1923 345 1985 Refert
357 1893 450 1986 etiam
462 1901 1060 2006 Pedianus,benignum,cultoremque
1067 1947 1131 1985 om-
1168 1939 1202 1993 65
1240 1909 1242 1916 Α

9 2081 10 2088 ¹
88 2088 176 2157 cnjum
184 2108 276 2160 pecus,
289 2091 487 2147 dicasivenire
501 2107 588 2165 potest
632 2094 789 2154 vt11,310:
810 2095 985 2146 «Hocetiam
1000 2095 1130 2146 Maecenas

88 2166 114 2216 in
131 2165 204 2221 hune
219 2188 326 2224 sensum
340 2176 446 2244 pictura
460 2174 588 2226 Herculu-
636 2197 646 2220 u
657 2177 683 2226 in
694 2175 845 2244 Symposio,
856 2175 898 2224 cui
907 2173 1032 2244 Virgilius
1043 2186 1069 2224 et
1078 2177 1131 2225 Ho-

9 2255 10 2270 ¹
88 2248 176 2308 nensis
196 2251 272 2301 Tom.
291 2253 335 2316 Ν,
356 2272 382 2323 p.
404 2253 466 2319 166,
488 2255 515 2304 in
536 2270 588 2323 qua
636 2256 740 2304 «ratius
749 2254 1063 2322 interfuerant,quumex
1070 2273 1132 2323 per·

88 2326 184 2379 Encas
197 2341 224 2381 et
236 2330 490 2383 Anchiscshumeris
502 2335 588 2403 impo-
636 2352 724 2406 «sona
741 2332 859 2383 Messala
877 2332 910 2382 de
930 2333 990 2382 vino
1010 2331 1131 2401 loquere·

89 2406 152 2457 situs
161 2413 288 2460 etmanui
296 2413 425 2464 Ascanius
433 2412 588 2482 implicitus,
636 2425 714 2476 «tur,
732 2413 784 2461 ait:
802 2410 872 2461 idem
887 2409 985 2460 humor
999 2412 1131 2463 ministrat

89 2501 180 2538 omnes
193 2488 304 2540 exhibiti
317 2505 378 2542 sunt
390 2491 589 2562 cercopitheeo-
637 2491 751 2542 “faciles
762 2489 867 2552 oculos,
878 2489 1033 2559 pulchriora
1043 2490 1131 2541 reddit

90 2582 147 2616 rum
161 2569 279 2637 speciem
293 2571 447 2621 relerentes.
637 2594 648 2616 u
659 2573 761 2636 omnia,
772 2582 798 2622 et
808 2568 893 2620 dulcis
901 2571 1015 2638 juventa
1028 2569 1132 2621 reducit

123 2644 146 2713 §.
162 2646 206 2698 62.
227 2647 266 2700 De
282 2649 392 2700 Carvilio
405 2650 506 2702 Pictore
521 2649 586 2703 nihil
638 2650 738 2703 «bona.
750 2673 760 2698 n
770 2649 916 2701 Herennius
927 2650 1068 2720 quifuerit,
1077 2669 1131 2702 non

90 2723 160 2778 aliud
171 2731 284 2798 reperiri
295 2731 409 2781 memini.
427 2731 468 2781 An
480 2733 550 2782 forte
564 2733 588 2783 ei
632 2730 724 2801 liquet.
732 2729 984 2780 HerenniusSenecio
990 2728 1131 2799 aliquoties
1145 2787 1149 2796 ,

90 2803 220 2858 debentur
239 2809 346 2878 pictura
366 2810 484 2862 scurrilis
507 2809 588 2861 modo
633 2811 660 2860 in
672 2811 740 2880 Epp.
753 2809 830 2860 Plinii
843 2811 965 2861 occurrit.
986 2810 1042 2860 Nec
1055 2812 1148 2879 quio-1

89 2900 250 2950 memorata,
272 2891 363 2958 quaerit
382 2890 512 2962 Pasquale
527 2892 589 2942 Gar·
635 2907 715 2960 quarn
726 2900 832 2939 constat
841 2887 875 2938 de
888 2887 984 2938 Perilio
994 2888 1130 2952 Faustino,

89 2966 148 3014 cani
160 2967 260 3018 Pictur.
269 2967 374 3019 Hercul.
384 2970 460 3020 Torn.
473 2973 516 3033 lv,
527 2990 587 3042 pag.
635 2981 680 3020 aut
693 2966 726 3018 de
741 2967 770 3037 Q.
785 2967 891 3018 Octavio
903 2965 989 3016 Avito.

93 3044 140 3096 166
152 3057 180 3096 et
193 3047 253 3098 368.
265 3049 304 3098 Μ.
320 3049 459 3118 Vipsanius
471 3051 590 3120 Agrippa
670 3051 692 3117 §.
708 3047 750 3114 64.
767 3049 880 3100 Curnou
897 3045 945 3097 itti.
959 3046 1065 3096 Dictum
1079 3045 1131 3097 hoc

89 3143 162 3189 eum,
180 3127 334 3197 Virgilium,
351 3127 501 3199 appellabat
518 3147 591 3180 novoe
634 3131 756 3181 Vincent.
783 3127 915 3179 Bellovac.
941 3125 1045 3195 Specul.
1070 3125 1131 3176 hist.

12 3255 13 3270 ,
91 3205 229 3272 ωιοξιλίας
246 3218 411 3276 repertorem,
433 3208 509 3277 quasi
527 3208 591 3258 Mae-
634 3207 870 3278 VH,62,repetit,
882 3203 1061 3256 unacumillo
1072 3223 1130 3276 sup.

90 3287 177 3336 cenati
188 3287 255 3338 eain
265 3305 292 3338 re
299 3286 493 3359 gratificaretur
501 3301 590 3357 poeta,
637 3287 659 3356 §.
674 3288 710 3354 34
719 3288 753 3340 de
763 3305 834 3339 ursa.
847 3287 924 3352 Alia,
938 3303 995 3356 quae
1008 3284 1133 3336 Asconius

90 3366 164 3434 cujus
177 3364 258 3417 molle
270 3379 295 3416 et
306 3363 464 3418 discinctum
474 3365 591 3430 scriben-
635 3365 669 3418 de
681 3367 792 3438 Virgilio
805 3364 945 3416 tradidisse
957 3377 1131 3432 memoratur,

90 3442 117 3494 di
136 3463 222 3515 genus
245 3447 344 3515 passim
365 3447 553 3517 perstringitur
575 3463 590 3496 a
635 3465 659 3496 v.
671 3465 729 3517 sup.
742 3445 764 3516 §
776 3463 817 3496 nt.
827 3443 898 3496 Serv.
909 3443 943 3497 ad
950 3444 1004 3495 Ecl.
1014 3446 1057 3510 111,
1070 3443 1130 3504 105;

90 3523 589 3591 veteribua.Quaesitlabenscacozelia,
634 3527 752 3589 lv,110.

92 3603 235 3656 obscurum
254 3618 307 3667 est,
329 3624 363 3656 an
378 3604 520 3669 labantem,
538 3603 590 3656 hoc
670 3605 823 3671 Assuetum,
837 3605 894 3657 scil.
907 3606 1053 3678 Virgilium.
1068 3606 1130 3656 Mox

92 3697 140 3746 est,
150 3686 295 3750 incertam,
306 3683 420 3736 mediam
431 3686 500 3736 inter
510 3685 591 3736 tumi-
635 3683 907 3756 videturlegeudurn:
919 3707 931 3731 ι
939 3684 1085 3738 destinasse
1093 3687 1141 3750 se,

92 3764 153 3818 dam
163 3763 291 3816 sterilem
299 3763 591 3816 dicereroluitiMulto
636 3765 745 3829 cedere,
758 3778 815 3816 ut...
829 3765 989 3818 recideret.»

92 3846 174 3916 magis
205 3857 284 3917 putes
318 3846 457 3896 Maronem
487 3843 592 3895 obviam
670 3847 694 3913 5.
711 3844 754 3898 65.
771 3845 877 3919 Egregii
888 3863 974 3898 mores
990 3859 1089 3916 postte,
1107 3861 1132 3898 et

91 3930 168 3980 ivisse
177 3925 330 3980 Maecenatis
343 3945 430 3997 pravae
442 3939 468 3978 et
478 3927 591 3978 affecta·
637 3924 728 3997 quales
736 3926 763 3976 in
771 3925 818 3977 tali
828 3927 933 3997 ingenio
942 3943 998 3977 esse
1007 3924 1131 3977 debuisse

92 4021 123 4058 tre
136 4007 257 4060 dictioni.
268 4006 349 4078 Apud
357 4007 429 4060 Serv.
441 4005 475 4058 ad
487 4005 589 4056 AEueid.
637 4005 751 4056 divinas!
769 4004 913 4057 Cotrflrmat
926 4007 1017 4057 Horat.
1036 4005 1088 4062 Sat.
1106 4007 1133 4067 l,
