2654 4590
163 409 166 414 Ι
211 311 252 378 56
335 309 337 314 ’
536 305 917 378 COMMENTARIA

248 436 317 514 696.
340 434 457 508 Habuit
476 433 509 490 in
527 435 576 494 via
594 429 721 489 obvium
737 429 937 511 Antiphaten,
960 433 1012 511 qui
1029 451 1063 491 ex
1078 454 1175 492 muro
1189 433 1289 512 jam

208 523 333 603 longius
347 535 556 604 procurrerat,
570 535 703 600 eratque
717 518 806 582 lilius,
815 520 1016 604 Sarpedonis,
1036 523 1088 581 sed
1103 522 1231 581 nothus
1254 541 1287 580 a

209 627 308 672 matre
323 609 486 669 Thebana:
504 608 587 667 hunc
604 609 707 666 statim
722 609 836 665 sternit.
856 609 1005 667 Invitatus
1017 622 1106 688 pocta
1122 611 1186 667 viri
1202 609 1288 666 hu-

209 697 261 780 jus
276 701 453 780 splendore,
466 704 549 775 (erat
561 698 675 778 quippe
689 717 784 776 nepos
798 698 899 768 Jovis3
913 718 985 756 nam
997 698 1155 779 Sarpedon
1170 700 1289 756 Jovis

212 801 275 845 erat
295 785 409 866 filius3)
423 787 567 846 describit
581 784 708 845 modum
723 786 817 842 ictus:
831 783 967 862 jaculum
984 807 1038 866 per
1051 801 1158 867 pectus
1176 785 1286 842 abiit

211 876 251 936 ad
267 877 475 952 stomachum,
495 892 585 956 atque
605 875 678 934 inde
694 875 730 933 ad
749 874 946 954 pulmonem,
967 897 1032 955 quo
1051 876 1113 934 fixo
1132 874 1281 934 ferrum

210 967 364 1049 intepuit:
383 983 412 1027 et
425 969 496 1048 quia
510 968 552 1024 ita
565 985 674 1024 cavum
686 964 814 1038 vulnus,
833 973 931 1044 specus
942 965 1067 1038 dicitur3
1083 979 1113 1023 et
1124 965 1281 1044 sanguis

211 1057 284 1116 inde
299 1057 469 1138 proiluens,
490 1056 569 1116 unda
584 1075 734 1136 spumans,
758 1053 850 1112 ducto
866 1074 1008 1114 sermone
1023 1075 1039 1112 a
1056 1054 1224 1127 fontibuS,
1252 1074 1281 1112 e

211 1168 346 1228 quorum
366 1147 479 1206 abditis
500 1144 649 1227 specubus
671 1141 755 1202 unda
770 1157 902 1202 emanat.
927 1143 1005 1202 Vide
1020 1155 1108 1203 notas
1124 1143 1189 1200 vol.
1202 1143 1279 1217 lv,

211 1256 344 1316 Pae-71·

250 1348 316 1408 702.
336 1326 522 1407 Antiphaten
539 1326 658 1382 eminus
675 1322 882 1396 interfecerat3
902 1343 974 1381 nam
991 1318 1119 1404 conjecto
1128 1317 1250 1402 jaculo
1257 1343 1276 1392 ,-

210 1411 267 1475 hos
277 1431 336 1476 tres
348 1419 506 1488 cominus,
521 1413 589 1472 ideo
604 1434 711 1484 monu3
724 1415 829 1492 itaque
839 1411 927 1470 illum
937 1411 1056 1492 jaculo;
1067 1408 1125 1469 hos
1136 1407 1273 1489 gladio.

250 1505 317 1583 703.
337 1501 496 1562 Ardebant
509 1501 590 1560 oculi
605 1503 706 1574 Bitiae3
726 1500 900 1559 fremebant
915 1501 1027 1572 animi3
1047 1498 1097 1557 sed
1113 1495 1201 1554 hunc
1215 1497 1273 1554 ita

211 1590 385 1665 ardentem,
396 1592 439 1650 ita
449 1589 646 1661 frementem,
659 1603 764 1647 tamen
777 1591 900 1662 sterni13
914 1609 984 1646 nans
996 1586 1056 1646 hoc
1067 1585 1199 1643 verbum
1212 1603 1272 1640 re-

210 1679 399 1758 petendum:
419 1677 472 1737 sed
492 1699 554 1758 quo
574 1677 656 1737 telo?
675 1697 737 1736 non
758 1675 877 1756 jaculo,
896 1689 931 1735 ut
950 1673 1156 1755 Antiphaten:
1181 1691 1269 1729 nam

211 1767 370 1846 quomodo
386 1767 530 1824 immanis
549 1779 578 1824 et
595 1779 697 1824 vastus
709 1767 806 1824 liitias
820 1765 926 1844 jaculo
946 1763 1079 1824 dedisset
1093 1763 1206 1831 vitam,
1233 1771 1271 1816 et

211 1853 427 1912 occumberet?
436 1852 573 1912 imbellia
584 1851 648 1914 haec
657 1873 756 1925 arma,
771 1867 800 1912 et
809 1854 902 1934 φροῦδα
911 1865 1017 1912 contra
1028 1850 1117 1908 illum
1129 1871 1136 1906 :
1153 1845 1268 1924 majus

212 1941 339 1998 accessit
354 1942 466 2015 telum,
480 1941 623 2000 videlicet
637 1939 813 2022 phalarica:
833 1940 912 2000 hanc
926 1943 1014 2000 torsit
1027 1941 1167 2010 Turnus,
1188 1953 1269 2012 quae

212 2025 341 2085 stridens
354 2027 462 2086 diriter
473 2032 505 2086 in
523 2030 632 2087 Bitiam
650 2031 749 2102 venit,
769 2033 866 2088 instar
877 2029 1036 2088 fulminis:
1056 2038 1121 2084 erat
1135 2021 1268 2103 giganti

212 2115 337 2196 clypeus
353 2137 387 2174 ex
404 2115 522 2196 duplici
540 2119 620 2175 tauri
633 2131 767 2197 tergore3
788 2132 851 2176 crat
868 2117 963 2176 lorica
979 2137 1013 2174 ex
1028 2113 1148 2195 duplici
1163 2130 1266 2170 aurea

130 2205 133 2226 ‘
213 2222 392 2282 squamma,
404 2224 500 2283 eaque
516 2202 690 2262 fidelissima
703 2227 709 2261 :
723 2202 775 2262 sed
786 2205 843 2262 ista
853 2205 959 2262 omnia
972 2201 1052 2261 nihil
1065 2199 1266 2282 phalaricam

211 2290 420 2365 retardarum3
442 2293 546 2371 itaque
565 2291 762 2370 collabuntur
780 2307 809 2350 et
825 2305 922 2351 ruunt
935 2294 1078 2372 gigantea
1091 2287 1145 2348 illa
1161 2307 1274 2360 memg

209 2379 285 2438 bra:
307 2380 344 2438 ad
362 2377 441 2438 haric
459 2381 580 2438 ruinam
599 2379 690 2439 tellus
707 2381 873 2459 ingemuit,
895 2393 925 2439 et
943 2400 977 2438 ex
995 2389 1124 2437 sonante
1142 2375 1263 2456 clypeo

211 2467 328 2527 editum
349 2481 392 2524 est
415 2479 564 2546 tanquam
587 2469 772 2525 tonitruum.
795 2468 940 2547 Expende
961 2465 1011 2524 hic
1035 2463 1160 2544 aliqua:
1183 2463 1265 2542 quia

211 2555 369 2638 phalarica
385 2556 482 2614 instar
487 2552 627 2638 fulmims
632 2599 641 2630 ,
663 2553 735 2616 ideo
750 2569 858 2638 postea
875 2554 1056 2615 decedente
1072 2554 1198 2632 gigante
1214 2565 1261 2611 to-

214 2742 290 2794 deret
307 2745 362 2812 ejus
378 2744 524 2809 fervorem,
544 2748 589 2816 qui
602 2764 710 2799 suorum
754 2759 824 2816 tum,
835 2747 937 2801 habens
949 2749 1052 2799 ferrum
1064 2742 1198 2807 cubitale,
1211 2759 1261 2792 su·

212 2841 305 2874 necem
330 2823 454 2875 veniebat
476 2825 593 2899 ulturus,
617 2840 643 2878 et
665 2831 710 2898 qui
754 2847 803 2898 pra
817 2828 889 2899 quod
900 2828 982 2880 veluti
998 2823 1119 2896 quaedam
1135 2822 1260 2893 sphaera,

212 2903 322 2954 nolebat
329 2905 443 2973 patentis
451 2918 534 2974 portae
543 2909 710 2959 occasionem
755 2910 830 2977 cujus
844 2907 950 2978 pondus
963 2907 1043 2958 etiam
1053 2903 1165 2974 plumbo
1178 2919 1262 2972 auge·

116 3023 119 3034 ,
211 2981 333 3053 perdere,
346 2983 667 3038 neiterumclauderetur.
677 2987 709 3037 D.
755 2999 813 3037 tur:
832 2986 929 3038 dicitur
948 2987 1026 3036 etiam
1046 2983 1134 3053 ignem
1155 2980 1260 3032 habere

238 3061 710 3136 697.NotbumSarpedonisalti.Prae-
756 3065 870 3118 adfixum
890 3079 989 3137 stuppa
1004 3061 1213 3126 circumdatum,
1231 3073 1262 3111 et

213 3141 298 3205 clare,
312 3143 603 3216 etsignatezestenim
616 3144 710 3196 discri-
754 3148 814 3217 pice
836 3146 970 3197 oblitum:
994 3147 1188 3211 incensumque
1210 3152 1259 3189 aut

212 3239 273 3272 men
294 3221 363 3271 inter
386 3223 496 3274 nothum
522 3238 548 3276 et
572 3221 709 3296 spu'rium:
753 3218 1257 3292 vulnerehosrem,ausigneconsumit·

212 3299 300 3370 prior,
319 3299 363 3366 qui
378 3311 455 3370 natus
472 3321 503 3353 ex
518 3303 590 3354 claro
603 3315 629 3355 et
645 3315 710 3354 noto
754 3305 812 3355 Hoc
825 3315 913 3355 autem
923 3303 977 3354 telo
987 3311 1122 3372 pugnatur
1132 3297 1167 3348 de
1178 3298 1257 3346 turri-

211 3390 302 3448 patre,
317 3389 401 3428 matre
417 3379 530 3434 obscura
543 3395 569 3436 et
582 3382 710 3455 ignobili:
755 3383 819 3450 bus,
837 3401 902 3454 quas
913 3382 1006 3455 phalas
1018 3379 1071 3430 dici
1085 3377 1256 3428 masslffflfflffl

211 3455 359 3526 posterior,
374 3458 419 3524 qni
432 3471 516 3510 matre
528 3475 605 3528 nota,
619 3465 710 3534 ignoto
756 3475 811 3514 est:
826 3461 935 3513 undeet
949 3463 977 3512 in
993 3461 1065 3511 circo
1077 3455 1149 3508 Faloe
1162 3454 1257 3506 dictin-

211 3545 297 3606 patre.
310 3533 393 3602 Ergo,
405 3537 529 3604 quianon
540 3542 651 3610 spissim,
663 3541 710 3592 sed
755 3553 799 3592 tur
820 3539 962 3591 divisiones
989 3541 1059 3589 inter
1082 3537 1206 3604 euripum
1229 3546 1256 3584 et

211 3610 320 3674 nothus,
340 3609 401 3662 ideo
423 3613 604 3685 «Sarpedonis
622 3620 709 3671 altis:
754 3632 851 3684 metas,
881 3619 953 3690 quod
976 3618 1014 3668 ibi
1038 3607 1199 3667 constructis
1220 3612 1255 3663 ad

211 3708 304 3740 verum
325 3689 466 3744 discrimen
485 3695 542 3747 hoo·
556 3699 708 3750 auctoribus
753 3711 857 3768 tempus
874 3699 1006 3757 turribus,
1025 3694 1066 3744 his
1085 3692 1145 3744 telis
1162 3710 1253 3762 pugna

212 3784 266 3818 non
282 3779 321 3818 est
333 3783 500 3839 perpetuum.
516 3776 554 3826 De
565 3779 638 3829 vocis
654 3791 708 3851 etp·
754 3777 797 3829 edi
813 3778 923 3829 solebat.
938 3775 1089 3837 luvenalis,
1108 3769 1253 3822 «Consulit

212 3865 257 3900 mo
269 3846 329 3898 vide
341 3845 443 3900 lexicon
456 3851 517 3904 Sim.
529 3854 638 3908 Schard.
653 3861 680 3910 C.
753 3868 813 3907 ante
826 3855 934 3926 phalas,
952 3843 1193 3924 delphinorumque
1206 3866 1252 3899 eo-

248 3924 307 3994 705.
317 3925 455 3981 Phalerico
463 3935 540 3985 venit.
548 3936 647 3988 Dehoc
655 3937 707 3989 telo
752 3935 888 3988 lamnas.»
915 3933 983 3984 Hinc
1002 3930 1137 4003 phalarica
1160 3928 1250 3980 halla-⁴

212 4004 324 4077 legitur,
335 4007 559 4084 quiaestingens,
567 4017 708 4069 torneiae·
753 4017 821 4069 siout
833 4017 886 4068 alia
899 4012 1017 4068 muralis.
1029 4013 1099 4071 Serv.
