2720 4588
331 315 383 378 IN
405 317 640 386 AENEIDOS
664 319 756 385 LIB.
781 324 867 388 ΧἸΙ.
1054 339 1115 404 253

9 457 10 514 ᾗ
77 434 204 510 oqnovit.
223 433 307 494 Dicit
325 436 445 519 superbo
454 435 538 522 jusso
551 443 691 522 proprie,
708 446 780 524 quia
797 466 892 528 supra
911 469 1017 513 omnes
1037 458 1118 522 Deos

9 595 10 604 ἵ
74 516 1117 610 luppiter:lrcecprovirqinitotereponit?utfratremamittnmtsatius

9 617 10 664 ξ
75 604 195 684 fuisset,
214 612 314 672 solam
329 617 469 676 amittere
485 618 695 698 virginitatem
712 643 718 678 :
738 623 793 679 uni
806 624 889 684 malo
910 627 995 687 aliud
1010 633 1117 696 addit:

9 707 10 744 ³
76 718 132 775 qno
143 701 236 760 vitam
252 703 330 765 dedit
340 713 499 766 uternam:²
512 721 546 766 ut
562 720 711 767 aeternum
729 709 850 770 doleam
865 736 871 772 :
886 735 948 774 non
963 740 1035 800 ergo
1051 723 1119 802 jam

9 781 11 796 ¹
77 802 190 846 munus
205 811 211 847 :
226 793 328 868 misero
336 793 441 875 fratri,
455 813 543 874 aeque
560 793 598 853 de
611 793 707 855 fratre
720 819 754 856 ac
773 797 811 858 de
825 819 858 860 se
869 799 1029 882 loquitur3
1044 831 1118 872 nam

79 868 173 946 dese,
186 876 260 956 quid
266 893 381 959 superat
394 879 467 939 milti
477 882 606 940 miserae?

9 965 10 982 *
115 959 184 1018 885.
195 965 296 1024 Verba
306 981 457 1047 sequutus
468 981 512 1027 est
522 970 670 1050 gemitus,
682 981 773 1050 atque
784 969 880 1033 abitio
891 977 982 1038 :xinde
992 995 1021 1040 et
1028 986 1122 1048 multa

9 1107 10 1126 q
77 1065 191 1124 qemens
206 1065 238 1110 et
253 1055 383 1116 condidit
393 1078 422 1116 se
435 1055 594 1138 oltostuvio
608 1083 617 1117 :
635 1080 708 1118 nam
722 1061 788 1144 Dep
802 1061 987 1142 fluviorum3
1008 1086 1038 1130 et
1054 1094 1122 1135 con-

9 1135 10 1146 ’
80 1140 147 1198 texit
156 1147 363 1221 capntamtctn
372 1145 491 1228 planco,
503 1170 574 1206 nam
587 1149 702 1228 glaucae
714 1165 788 1210 sunt
801 1153 906 1229 undae‚
918 1155 1031 1235 quibus
1044 1176 1121 1223 tecta

80 1237 135 1284 est:
151 1231 208 1309 qui
221 1234 358 1312 cogitant
368 1233 464 1294 alium
474 1237 637 1312 amictum,
648 1240 701 1318 qui
711 1239 861 1300 sitdictus
871 1242 1015 1322 glaucus,
1029 1270 1123 1332 prop-

80 1323 123 1371 ter
133 1317 292 1379 undarum
307 1322 545 1384 similitudinem
559 1327 660 1384 ἄτοποι.

118 1403 185 1484 887.
199 1407 277 1484 Quae
288 1427 460 1491 sequuntur
472 1413 584 1473 deinde
601 1435 697 1494 usque
715 1415 754 1474 ad
769 1428 901 1476 mortem
914 1423 1011 1482 Turni
1030 1424 1123 1506 plena

81 1508 150 1554 sunt
165 1501 287 1580 magnis
300 1500 481 1578 affectibus,
497 1519 527 1562 et
543 1505 698 1562 verissime
715 1512 831 1586 τραγικά.
847 1508 925 1567 Vide
941 1509 990 1570 hic
1005 1515 1122 1576 AEnean

80 1581 245 1646 instantem
256 1604 364 1648 contra
376 1593 532 1664 Turnum,
545 1605 575 1650 et
587 1607 796 1650 coruscantem
812 1592 924 1669 telum,
938 1619 1007 1676 quae
1015 1604 1123 1662 omnia

9 1667 10 1678 ¹
79 1670 280 1736 formidanda
295 1701 301 1737 ε
317 1695 347 1738 et
362 1682 435 1762 quia
448 1680 510 1740 dux
521 1681 586 1760 ipse
599 1695 645 1740 est
659 1683 775 1761 inqens,
791 1681 861 1741 ideo
876 1683 973 1744 telum
987 1702 1033 1748 est
1042 1691 1124 1753 orbo·

78 1783 175 1823 reum.-
190 1767 308 1826 accedit
328 1771 456 1828 saevities
470 1774 502 1828 in
524 1791 591 1844 ore,
606 1771 708 1828 verius
722 1771 754 1828 in
770 1787 913 1852 pectore3
929 1777 1046 1858 quippe
1059 1781 1121 1840 col-

79 1847 154 1911 lecta
167 1856 206 1912 ab
219 1867 265 1913 tot
278 1855 380 1915 fandis
393 1857 608 1938 infandisque,
621 1879 690 1938 quae
701 1880 877 1939 praecessere
890 1864 923 1921 in
937 1862 997 1924 hoc
1008 1866 1101 1929 hollo.

118 1943 186 2021 889.
201 1943 379 2024 Sequuntur
392 1945 485 2005 verba
500 1947 601 2006 AEneae
617 1947 655 2005 ad
674 1947 833 2025 Turnum,
846 1952 952 2030 potius
964 1955 1074 2032 minas,
1094 1973 1124 2018 et

80 2032 218 2090 tonitrua
240 2036 457 2095 convenientia
475 2035 619 2111 fulmini,
637 2036 745 2111 idest,
762 2039 840 2113 telo,
863 2036 949 2122 quod
968 2049 1071 2104 statim
1091 2051 1125 2108 in

80 2116 166 2176 illum
175 2118 379 2199 jaculaturus.
391 2125 430 2182 Et
442 2134 544 2198 notes,
555 2145 637 2184 nune
645 2126 782 2204 primum
793 2124 936 2186 habitum
949 2149 1124 2194 sermonem

79 2207 180 2269 AEneae
191 2209 229 2268 ad
239 2212 395 2284 Turnum3
406 2234 570 2294 nunquam
580 2211 727 2272 hactenus
738 2215 771 2272 in
783 2214 973 2295 praecedenti
981 2219 1123 2282 AEneide:
1140 2263 1151 2282 .
1180 2285 1182 2290 ,

80 2317 179 2358 sermo
190 2314 237 2358 est
252 2303 451 2374 saevissimus,
465 2318 500 2362 ut
513 2305 567 2384 qui
582 2300 731 2383 praecidat
748 2304 861 2361 misero
876 2305 982 2363 Turno
997 2327 1124 2369 onmem

81 2388 185 2448 salutis
198 2410 301 2470 spem,
323 2410 392 2471 quae
405 2391 492 2450 nulla
509 2395 543 2450 in
561 2392 652 2472 fuga,
667 2390 738 2449 ideo
756 2413 860 2450 cursu:
877 2392 964 2451 nulla
984 2395 1016 2452 in
1030 2397 1125 2474 dolis,

81 2478 150 2538 ideo
166 2493 241 2539 verte
252 2501 352 2540 omnes
371 2495 422 2541 tete
439 2484 591 2565 insanies:
605 2479 693 2540 nulla
709 2481 740 2538 in
761 2481 887 2556 virtute,
904 2480 974 2541 idco
989 2475 1127 2548 contrahe

81 2568 220 2651 quicquid
228 2572 287 2630 sive
296 2573 421 2630 animis:
435 2571 522 2631 nulla
539 2574 572 2631 in
588 2570 715 2630 militari
731 2569 888 2645 doctrina,
903 2571 973 2631 ideo
987 2575 1045 2634 sive
1064 2591 1125 2638 arte

9 2721 10 2728 .
82 2655 155 2718 voles
166 2684 175 2718 :
186 2658 274 2718 nulla
288 2661 320 2718 in
332 2661 398 2738 ipso
415 2661 508 2735 caelo,
530 2660 600 2720 ideo
615 2673 681 2742 opta
701 2657 793 2719 arduo
809 2663 913 2742 pennis
930 2676 1007 2722 astra
1025 2669 1122 2746 sequi:

9 2769 11 2778 ³
81 2746 168 2806 nulla
183 2749 216 2806 in
237 2749 305 2829 ipso
326 2747 465 2824 inferno,
480 2750 551 2810 ideo
566 2750 754 2830 olamnmqne
768 2759 843 2808 'cova
863 2763 887 2810 te
905 2751 1027 2812 condere
1042 2767 1124 2815 terra.

81 2835 159 2901 ludev
168 2837 324 2908 efficiatur
339 2841 475 2919 primum
488 2839 583 2913 illud,
598 2841 680 2898 saevis
687 2837 863 2898 certandum
879 2853 920 2900 est
932 2844 1064 2901 cominus
1078 2865 1126 2902 or-

83 2929 149 2998 mis,
165 2940 195 2985 et
209 2927 385 3001 non'cursm
400 2930 472 3008 quia
485 2927 599 2988 scilicet
614 2930 680 3009 ipse
691 2929 800 2986 AEneas
814 2925 939 2986 vulnere
955 2929 1059 2988 tardus.
1099 2935 1102 2943 '

120 3011 190 3093 894.
206 3013 340 3088 Quassat
350 3018 474 3074 Turnus
488 3028 595 3096 caput,
610 3035 679 3096 quae
694 3027 769 3073 nota
783 3026 827 3073 est
841 3013 1086 3094 indignationiS‚
1098 3031 1128 3075 et

84 3117 234 3184 tanquam
250 3103 372 3163 hostem
389 3117 587 3178 contemnat,
600 3118 750 3164 terrorem
765 3105 902 3164 suumin
917 3103 1015 3177 Demo,
1030 3107 1063 3162 in
1076 3106 1128 3164 Jo-

83 3213 151 3252 vem
164 3195 294 3254 confert.
305 3196 462 3254 Sententia
475 3207 517 3258 est,
530 3193 643 3275 duplex
654 3218 661 3252 ι
671 3194 736 3268 vel,
751 3207 865 3254 terrent
875 3214 925 3251 me
935 3193 1002 3267 Dii,
1013 3206 1042 3250 et
1051 3195 1068 3250 J
1072 3215 1128 3274 np-

82 3284 174 3362 piter‚
191 3287 245 3364 qui
258 3284 371 3361 hostis3
384 3285 432 3344 vel
447 3299 566 3344 terrent
578 3305 627 3344 me
640 3287 706 3360 Dii,
720 3299 751 3344 et
762 3285 923 3366 duppiter,
940 3283 1078 3358 oAEneo‚
1091 3285 1130 3344 fe·

83 3391 139 3430 ron
153 3370 259 3430 hostis.

123 3463 191 3542 896.
218 3459 304 3520 Vidit
328 3477 402 3522 tunc
425 3463 553 3522 fortasse
571 3464 695 3522 Turnus
721 3461 878 3539 ingentem
902 3459 1054 3541 lapidem,
1076 3467 1128 3542 qui

82 3551 245 3632 quondam
256 3555 371 3632 positos
386 3551 568 3612 dirimendis
582 3571 728 3632 agrorum
741 3550 880 3608 terminis
891 3564 964 3608 tunc
977 3553 1007 3608 in
1018 3571 1127 3632 campo

83 3640 202 3718 jacebat
216 3661 222 3696 ε
238 3641 280 3698 ita
290 3659 361 3699 vero
372 3655 440 3700 erat
451 3639 664 3722 ponderosus,
678 3650 713 3696 ut
725 3638 776 3694 vix
790 3634 1057 3696 illum'duodecim
1070 3637 1128 3697 ho·

85 3729 198 3802 mines,
207 3726 312 3807 quales
321 3742 499 3802 nuncsunt,
512 3728 629 3786 cervice
642 3723 749 3782 adnixi
762 3721 922 3782 tollerent:
940 3721 1017 3781 illud
1027 3745 1130 3784 saxum

121 3866 181 3934 878.
197 3867 250 3916 Pro
264 3866 418 3937 nirpinitate.
431 3868 481 3916 Pro
494 3878 586 3936 erepto
633 3857 798 3929 dranapdiue,
812 3879 923 3913 munero
933 3878 991 3930 quae
1003 3878 1053 3930 pro
1066 3858 1130 3910 deli·

89 3947 245 4016 rirginitatis
257 3945 368 3998 honore.
379 3946 589 3997 Donat-Huc
632 3943 697 3996 bata
714 3943 865 4013 virginitate
883 3942 1031 4007 dabonmr,
1052 3957 1131 3991 voca·

86 4041 133 4092 pro
155 4025 304 4098 oirpinitate
322 4025 429 4096 reponit.
452 4025 536 4076 Graeei
556 4020 590 4075 oti
632 4023 707 4076 bant.
721 4024 807 4076 Germ.
