2720 4588
113 280 115 288 '
220 331 283 398 22⁶
546 316 930 386 commeassem

218 475 314 528 nam5
335 460 365 508 et
385 443 456 510 ideo
479 440 645 522 adjungit,
669 436 773 520 aliptae
792 435 931 499 latebram
951 436 1114 500 rescindant
1132 437 1248 518 penita
1254 475 1267 507 ‚
1357 495 1358 498 ,

219 541 314 604 nullis
329 533 437 596 herbis
450 531 646 613 exspectatis,
661 527 750 588 nulla
765 525 911 592 medendi
924 539 998 590 arte.
1010 525 1154 607 Sequitur
1167 522 1267 596 ratio,
1357 511 1358 524 ³

217 631 327 700 carita
340 636 461 706 urgeat,
472 641 585 702 seseque
598 621 630 683 in
643 615 721 683 tetta
730 618 886 680 remittant.

194 749 198 755 ·
257 718 325 798 39¹·
343 711 435 775 adea
452 710 557 774 statim
571 707 653 787 lapis
674 701 813 771 medicus
827 701 910 767 filius
929 703 1003 778 Iasi,
1021 721 1113 783 queue
1127 697 1267 762 Phoebus

192 843 200 859 ·
217 808 329 874 eximie
340 795 624 878 amavit3dabatqae
633 793 681 854 illi
694 791 851 860 toecasaac
861 807 950 866 artes,
963 804 1114 872 tanquam
1126 787 1265 870 pretiosa

218 917 347 962 maweu.
366 886 516 972 Expende
531 884 598 950 bae
609 881 763 966 paucula:
781 880 875 956 latas,
893 885 971 962 quia
988 879 1088 966 major
1102 892 1147 940 est
1161 875 1266 936 dantis

217 987 331 1070 gratis,
350 983 375 1046 si
396 982 438 1045 ita
458 975 511 1042 det
529 973 666 1056 quamsi
684 973 795 1044 tristia
813 989 888 1031 nam
909 967 1068 1030 videbitur
1086 966 1268 1030 necessitate

217 1087 341 1139 coactus
361 1081 391 1132 et
408 1067 507 1129 invite
523 1063 608 1126 dare.
624 1059 737 1135 Dabat,
751 1059 790 1121 de
808 1057 1008 1145 imperitate,
1021 1057 1095 1140 quia
1112 1070 1265 1117 serenan

217 1163 318 1238 dodim
329 1173 361 1222 et
372 1177 438 1221 non
452 1156 552 1229 dedit,
565 1153 639 1232 quia
654 1153 738 1232 lapis
750 1149 852 1215 noluit
866 1149 1011 1228 accipere.
1031 1143 1201 1206 Euomeret
1213 1140 1267 1202 de-

216 1254 290 1317 iude
305 1265 404 1322 artes,
426 1265 502 1326 quas
521 1239 625 1322 lapidi
647 1239 741 1319 dabat
757 1236 910 1312 Phoebus,
926 1237 1100 1318 auqariam,
1119 1231 1266 1304 citharas,

215 1343 351 1424 rapinas,
362 1334 395 1394 id
406 1346 466 1406 est,
479 1325 645 1389 divinandi
659 1327 822 1408 peritiam,
834 1326 988 1384 Musicam
997 1367 1005 1396 ,
1015 1336 1051 1384 et
1061 1333 1160 1384 artem
1172 1319 1267 1399 sagit-

215 1430 318 1503 tandi3
331 1445 405 1486 nam
417 1421 465 1484 his
485 1419 604 1482 artibus
616 1415 752 1479 Phoebus
766 1428 887 1497 praeest.
900 1413 956 1476 Sed
971 1435 1025 1474 cur
1043 1410 1100 1474 bas
1113 1422 1194 1468 artes
1209 1405 1266 1470 ille

216 1513 336 1579 noluit?
348 1513 423 1594 quia
435 1527 499 1591 prae
513 1505 561 1572 his
573 1504 665 1588 elegit
677 1504 769 1578 alias,
784 1501 928 1565 videlicet
937 1503 1088 1583 βοτανικὴν,
1098 1498 1247 1578 eperat-ata
1254 1537 1265 1570 ‚

214 1610 247 1672 id
260 1622 321 1680 est,
332 1612 498 1686 patestatem
507 1595 678 1668 tertarum,
689 1616 773 1657 asam
786 1592 919 1656 medendi
924 1615 936 1662 ,·
952 1611 1021 1673 quae
1034 1603 1114 1651 artes
1124 1599 1154 1650 et
1165 1597 1266 1648 mute

217 1713 306 1772 sunt,
317 1708 349 1758 et
362 1693 480 1771 absque
493 1687 613 1768 gloria:
635 1699 665 1750 et
680 1707 739 1762 our
752 1684 807 1748 hes
821 1681 932 1765 elegit?
945 1683 1019 1763 quia
1037 1681 1107 1762 pius
1120 1697 1194 1760 erga
1206 1693 1264 1755 pa-

213 1803 294 1850 trem
303 1787 336 1848 in
348 1794 483 1844 extrema
493 1777 560 1860 jam
571 1787 730 1839 senectute
743 1775 900 1856 positum,
913 1772 1033 1846 voluit,
1047 1772 1072 1830 si
1084 1780 1203 1851 posset,
1215 1763 1264 1824 illi

215 1876 281 1938 fata
295 1885 324 1936 et
338 1873 437 1933 vitam
452 1865 607 1948 proferre,
618 1863 785 1928 medicinae
795 1882 865 1944 ope.

256 1965 324 2042 398.
342 1961 385 2022 Ut
405 1979 443 2020 ex
460 1955 687 2036 superioribus,
702 1955 747 2015 ita
761 1953 856 2012 etiam
876 1970 912 2010 ex
934 1950 1001 2010 istis
1014 1945 1149 2009 babetur
1160 1939 1272 2016 AEnee

218 2054 316 2115 animi
326 2045 527 2129 magnitudo,
537 2045 592 2124 qui
602 2065 658 2105 nec
670 2041 755 2104 sedet
765 2043 798 2102 in
811 2053 898 2102 teuto
910 2039 1031 2112 dolore,
1043 2035 1095 2096 sed
1107 2046 1164 2095 stat
1175 2029 1265 2091 basta

219 2143 337 2202 innixas
344 2183 353 2212 ,
366 2156 431 2196 uno
448 2145 572 2198 tautum
579 2133 721 2216 fremitu,
739 2143 775 2190 ut
787 2130 890 2190 virum
904 2126 1005 2201 decet,
1016 2122 1200 2186 acerbitatem
1214 2137 1262 2178 re·
1336 2153 1338 2158 -

91 2215 93 2230 l
191 2271 193 2274 -
218 2251 288 2290 rum
301 2237 510 2307 conquestus:
527 2235 718 2284 concurrunt
728 2220 833 2282 statim
849 2217 887 2277 ad
903 2213 994 2276 illum
1013 2211 1163 2274 militares
1176 2206 1263 2288 juve·

216 2339 286 2390 nes3
295 2317 372 2378 flent
384 2333 504 2386 omues,
517 2325 549 2371 et
561 2332 641 2372 unus
653 2310 809 2392 praecipue
820 2306 915 2382 Iulus,
928 2306 998 2385 pius
1008 2303 1040 2360 in
1055 2313 1177 2381 patrem
1189 2291 1261 2356 :secl

218 2412 252 2470 iu
264 2419 312 2468 tot
326 2407 463 2466 aliorum
472 2401 611 2484 lacrymis
623 2422 704 2462 unus
717 2401 826 2462 AEueus
839 2411 884 2458 est
897 2390 1062 2456 amabilis.

255 2497 325 2574 [pao.
338 2493 431 2555 Redit
445 2491 486 2552 ed
500 2489 672 2567 uredicum,
692 2491 746 2572 qui
759 2493 922 2550 sacciroetus
940 2495 1046 2544 retorto
1057 2480 1166 2540 amaa
1180 2477 1262 2534 Pao-

218 2589 301 2648 nium
315 2586 347 2641 in
361 2601 486 2653 morem,
502 2579 608 2653 idest,
623 2599 658 2637 ex
670 2598 758 2638 more
773 2577 983 2646 medicorum,
993 2567 1058 2650 jem
1071 2585 1163 2626 mana
1175 2559 1264 2622 metli-

217 2693 262 2743 ca,
269 2668 334 2748 jam
345 2666 437 2726 herbis
448 2664 612 2746 potentibus
621 2663 714 2726 malta
726 2665 855 2745 trepidat,
865 2662 983 2723 scilicet
995 2660 1029 2718 in
1041 2653 1139 2720 multa
1148 2665 1266 2733 pertre·
1357 2673 1358 2714 f

216 2757 310 2841 pidus
329 2753 500 2825 incumbit,
513 2766 544 2811 et
557 2751 658 2812 dextra
670 2750 809 2816 sollicitat
824 2749 952 2834 spirala,
959 2749 1130 2830 fenumque
1146 2751 1267 2821 premat
1357 2743 1358 2748 ’

218 2847 308 2930 (quia
320 2842 415 2924 soepe)
430 2843 524 2902 tenaci
530 2842 664 2925 forcipe:
678 2841 727 2902 sed
742 2844 950 2922 nequicquam,
969 2849 1000 2895 et
1011 2833 1126 2894 fnestra
1139 2851 1146 2886 ι
1162 2826 1264 2890 aestas
1357 2843 1358 2916 p

219 2948 310 2997 vocat
320 2930 438 3006 Plseebi,
454 2932 529 3011 quia
542 2929 594 2994 hic
607 2931 690 2992 Deus
705 2932 851 2990 inventor
863 2925 1035 2988 medicina.

254 3096 314 3164 391.
327 3095 441 3163 Jamque
453 3089 542 3142 aderat
555 3089 658 3142 Phoebo.
676 3089 718 3143 ad
762 3099 821 3144 sent
834 3106 850 3142 a
863 3084 1062 3141 transeuntibus
1076 3077 1261 3141 lensensem,

218 3173 367 3244 exemplum
379 3169 500 3230 Homeri;
513 3188 575 3220 nam
587 3167 717 3235 lliad.1v,
763 3169 808 3240 qui
821 3165 967 3238 aliquando
980 3163 1058 3219 simili
1071 3160 1261 3214 laboraverant

217 3253 356 3306 vulnerato
362 3249 485 3302 Menelao
491 3247 624 3300 Machaon
632 3248 715 3300 adest.
761 3247 865 3300 morbo.
876 3249 984 3313 Cicero,
1002 3245 1129 3316 aAEgrmn
1141 3253 1167 3291 et
1177 3256 1262 3310 prope

219 3361 252 3370 —-
266 3331 345 3402 lapis.
364 3331 463 3398 Aprum
479 3345 577 3378 nornen
594 3327 715 3380 medico:
751 3325 913 3398 'depositam
925 3323 1077 3396 reipublice
1089 3331 1194 3391 partem
1204 3335 1261 3368 sus·

218 3428 281 3462 nam
293 3408 375 3459 :aaa
386 3407 471 3458 Graeci
481 3406 573 3458 dicunt
585 3409 716 3460 curares.
762 3411 873 3478 cepisse.
886 3431 897 3453 n
911 3407 981 3458 Serv.

219 3485 720 3555 -VideExcursumquartum‚de1a⁴
797 3487 858 3551 dor.
876 3483 1012 3536 Paeoniam
1024 3481 1052 3529 ia
1062 3495 1169 3529 moran.
1184 3477 1260 3528 More
1357 3467 1358 3536 l

217 3567 280 3639 pide
292 3565 412 3628 medico,
425 3577 452 3615 et
464 3563 497 3616 de
509 3565 716 3632 mamanibus,
761 3564 928 3616 Medicorum
935 3559 1087 3628 χιιρονῃῦνι
1101 3559 1155 3608 sive
1164 3575 1180 3608 c
1189 3559 1261 3606 Pseo-
1357 3611 1358 3614 Ἴ

217 3647 269 3698 vol.
283 3645 327 3708 w,
339 3662 400 3714 pag.
416 3641 476 3710 395,
761 3661 794 3693 ne
809 3642 928 3704 medico,
946 3657 962 3690 a
974 3657 1027 3708 quo
1042 3639 1147 3688 Paeonia
1159 3633 1258 3687 herba:

252 3723 312 3794 395.
330 3724 365 3774 Ut
375 3723 490 3793 depositi.
509 3722 540 3773 Id
553 3737 606 3788 est,
619 3723 716 3794 despe-
760 3722 815 3774 sive
827 3722 900 3792 quod
912 3721 1008 3790 Apollo
1021 3719 1059 3770 illi
1073 3723 1148 3770 Pacu
1163 3719 1196 3768 sit
1207 3715 1262 3767 die·
1357 3747 1358 3780 p

215 3806 266 3857 rati
276 3825 282 3854 ι
291 3801 543 3870 uamapudueteres
552 3803 715 3856 eonsuetudo
760 3815 818 3852 tus:
832 3798 882 3852 aas*
893 3800 938 3852 asi
947 3797 1028 3852 aerim
1040 3801 1083 3854 ‘eric
1096 3799 1173 3857 asiae,
1187 3793 1261 3866 quod
1357 3789 1358 3832 l

214 3881 467 3950 erat‚utdeeperati
476 3895 537 3934 ante
545 3885 641 3950 januas
653 3901 714 3937 suas
760 3899 852 3931 omues
877 3880 985 3931 dolores
1006 3892 1089 3932 curet.
1112 3878 1256 3940 Paeonium,
1357 3923 1358 3946 p

214 3960 466 4024 collocarentar‚vel
475 3975 504 4012 ut
512 3977 653 4014 extremum
663 3966 715 4034 spi·
759 3959 844 4012 herba
862 3960 980 4028 medica,
1000 3973 1027 4015 et
1043 3960 1158 4013 salutare
1175 3973 1257 4009 reme·
1357 3947 1358 4010 l

213 4045 293 4094 ritum
303 4040 445 4094 redderent
458 4053 546 4104 terras,
559 4041 640 4115 velut
652 4060 714 4110 pos·
760 4038 842 4092 dium.
855 4042 974 4095 Hortem.
