2654 4590
220 259 260 336 ιι
550 251 932 318 connuursnrs

221 396 366 458 precans:
381 377 485 455 itaque
497 385 694 455 repraesentet
706 373 841 454 primum
854 373 984 434 salutem
996 393 1099 450 suam,
1116 395 1194 458 qnae
1208 387 1297 437 tota

220 464 364 546 pendete
381 461 508 523 reducto
521 463 679 542 genitore:
700 462 870 522 obtestetur
881 461 992 522 deiude
1003 484 1058 543 per
1068 466 1153 524 Deos
1168 450 1298 524 Pena

215 564 280 627 tes,
299 573 355 634 per
365 553 558 625 Assaracum,
579 570 635 631 per
647 551 788 625 Vestam,
807 564 838 610 et
850 551 958 612 omnis
974 563 1118 625 exornat,
1137 528 1300 634 Penates

219 655 309 700 vocat
325 663 462 723 maqnos,
484 641 522 700 de
534 640 679 700 Assaraco
696 639 771 698 dicit
786 643 903 713 Larem,
924 639 962 698 de
979 642 1067 700 Vesta
1083 637 1267 739 penetralia
1278 661 1301 698 ·,

219 743 364 812 precatur
375 730 481 804 tertio,
496 741 531 788 ut
543 741 689 788 revocent
701 741 875 809 parentem,
894 740 929 786 ut
942 725 1071 786 reddant
1088 728 1299 786 restituant·-
1274 755 1302 772 -ι

220 839 282 900 que
294 818 351 878 sibi
364 817 448 878 illius
461 830 678 919 conspectum;
693 818 766 897 quia
779 813 855 875 nihil
867 813 919 876 illo
933 817 1008 876 triste
1020 829 1140 897 recepto.
1153 817 1292 874 Peren·-

221 905 312 968 thesis
325 905 406 968 hanc
421 905 514 966 habet
531 907 725 965 sententiam.
744 905 955 985 Quaecumque
967 902 1045 967 mihi
1063 917 1107 964 est
1122 904 1266 965 fortuna
1278 949 1294 978 ‚

219 1010 256 1053 ut
276 996 330 1076 qui
349 1009 441 1056 natus
460 1015 529 1054 sum
550 995 639 1075 Regis
657 995 759 1054 AEneae
780 993 877 1068 filius,
902 1013 1102 1074 quaecumque
1123 991 1208 1052 mihi
1233 1005 1296 1050 est

221 1081 314 1156 fides,
335 1103 430 1164 quam
445 1102 509 1164 prae
523 1081 591 1141 aliis
609 1101 729 1157 servare
746 1079 837 1142 debet
852 1081 1015 1161 Princeps,
1037 1081 1070 1140 in
1084 1081 1177 1140 vobis
1199 1080 1289 1138 sitas

223 1171 392 1230 existimate
403 1193 410 1228 ι
426 1170 514 1252 quasi
527 1169 626 1244 dicat,
639 1169 765 1230 absente
776 1182 877 1251 patre,
892 1169 979 1228 nulla
992 1181 1037 1228 est
1049 1188 1114 1226 mea
1128 1167 1294 1242 fortuna,

222 1257 311 1318 nulla
323 1258 398 1319 fides
412 1258 450 1318 ad
464 1258 705 1342 persolvendum
719 1257 868 1339 quicquid
882 1257 968 1317 vobis
980 1258 1163 1338 promisero.

273 1348 342 1408 263.
363 1350 400 1408 ln
418 1350 520 1430 prima
539 1347 692 1408 divisione
711 1347 803 1429 ponit
822 1348 951 1429 pocula,
973 1345 1128 1427 tripodas,
1152 1345 1287 1405 talenta

224 1435 310 1510 auri,
331 1449 500 1494 craterem:
522 1435 566 1494 ita
584 1455 658 1494 vero
677 1433 891 1509 commendat,
913 1448 948 1494 ut
964 1436 1103 1514 quemvis
1122 1435 1286 1505 invitent;

224 1542 297 1580 nam
308 1522 424 1602 pocula
436 1534 509 1582 suut
519 1535 639 1602 arpenta
649 1523 791 1605 perfectu,
807 1522 840 1582 id
852 1536 911 1596 est,
928 1535 993 1582 tota
1003 1534 1162 1603 argentea,
1174 1520 1286 1622 expli-

223 1622 312 1668 cante
330 1609 455 1670 Servio:
479 1622 552 1668 sunt
570 1610 669 1690 signis
689 1624 845 1692 asperata,
873 1631 941 1712 quae
961 1611 994 1670 in
1012 1608 1130 1712 majore
1148 1610 1283 1690 pretio.

224 1696 351 1755 demum
368 1693 496 1756 obtenta
512 1697 624 1758 sudore
640 1697 733 1776 bellt
754 1713 784 1760 et
799 1715 929 1760 victoria
945 1714 1059 1780 patris
1089 1719 1155 1758 non
1172 1719 1192 1757 a
1210 1718 1284 1778 quo

225 1807 294 1846 sum
307 1785 488 1866 adoptatus,
508 1785 560 1846 sed
573 1791 627 1868 qui
639 1809 688 1848 me
704 1791 821 1870 genuit.
841 1787 942 1850 Offert
960 1788 1073 1848 deinde
1085 1787 1215 1870 tripodas
1225 1807 1285 1867 qe·

225 1876 335 1948 minos,
357 1873 521 1955 dequibus
535 1875 630 1951 nihil,
653 1879 810 1958 quiasatis
827 1891 955 1952 notum,
976 1897 1040 1936 esse
1056 1875 1127 1936 illos
1143 1875 1284 1956 praemia

227 1963 367 2022 virorum
383 1961 534 2039 fortium,
558 1976 588 2023 et
608 1964 822 2028 fortitudinis:
847 1967 967 2028 addunt
987 1966 1140 2026 rationem
1158 1963 1285 2044 aliqui,

263 2135 323 2205 ²⁵9·
340 2135 506 2210 Assaracique
517 2137 617 2191 Lamm.
635 2139 727 2192 Ambi·
808 2143 869 2208 264.
888 2140 995 2192 Devicta
1010 2139 1113 2212 qenitor
1129 2155 1189 2210 qaas
1210 2138 1285 2208 cepit

225 2219 293 2269 tiose
304 2215 339 2268 ad
348 2215 455 2270 laudem
464 2220 520 2283 sui,
531 2231 667 2274 ostentans
678 2221 728 2272 sci·
771 2219 870 2272 Arisba.
878 2221 961 2291 Atqui
970 2219 1117 2272 secundum
1127 2220 1281 2270 Homerum

226 2297 289 2351 licet
297 2296 462 2350 divinitatem
470 2300 571 2352 uniuse
581 2299 727 2368 majoribus
772 2299 862 2353 Arisba
874 2301 946 2352 misit
957 2299 1079 2368 Trojanis
1093 2297 1237 2363 auxilium,
1252 2309 1283 2350 et

228 2380 295 2443 suis,
306 2376 367 2430 ideo
376 2394 436 2429 cum
444 2380 540 2444 Vesta,
551 2391 578 2429 et
585 2378 728 2431 Penatibus
774 2379 808 2432 ab
820 2379 924 2432 Achille
937 2377 1064 2430 subversa
1077 2390 1125 2429 est.
1142 2377 1196 2430 Sed
1207 2377 1285 2429 acci·

224 2459 321 2530 jungit.
331 2458 390 2508 Pari
398 2457 544 2508 ambitione
554 2456 728 2509 Germanicus
773 2461 861 2528 pimus
878 2470 923 2509 aut
938 2470 999 2510 ante
1010 2456 1111 2509 bellum
1123 2455 1283 2507 Grueorum

227 2533 300 2608 apud
312 2537 397 2588 Tacit.
408 2537 476 2586 Αιιιι.
486 2537 511 2600 Ι,
524 2537 551 2586 in
562 2537 684 2588 oratione
695 2535 729 2588 ad
773 2538 889 2590 Arisbam
903 2557 918 2589 a
932 2537 1054 2607 Trojanis
1067 2548 1190 2606 captam,
1208 2549 1234 2588 et
1250 2537 1283 2588 in

228 2615 339 2668 milites:
352 2613 729 2683 «Tua,DiveAuguste,caelo
775 2620 897 2670 amicitias
922 2617 1009 2669 loedus
1034 2616 1205 2670 admissam.-
1230 2629 1282 2668 aut

229 2707 338 2765 recepta
351 2709 444 2758 mens,
464 2704 523 2758 tua,
539 2705 617 2762 pater
628 2694 729 2756 Druse,
774 2710 846 2749 certe
855 2697 955 2768 pocula
966 2696 1023 2750 haec
1037 2696 1099 2748 data
1112 2696 1147 2748 ab
1158 2697 1280 2762 Heleno,

230 2779 333 2845 imago,
345 2785 439 2824 etc.-
448 2774 526 2826 θαηω
537 2771 564 2826 V
560 2783 626 2824 estoe.
644 2775 731 2826 Vene-
776 2779 821 2848 qui
828 2779 856 2829 in
863 2776 974 2829 Achillis
982 2777 1054 2830 bona
1061 2796 1110 2848 per
1117 2776 1210 2848 Pyrrhi
1218 2795 1283 2830 suo-

229 2853 337 2918 rabilis,
357 2853 562 2923 antiquissima:
583 2854 642 2924 ipsa
660 2854 731 2904 enim
776 2857 855 2908 cessit
866 2854 1054 2922 hereditatem,
1069 2869 1099 2907 ut
1108 2857 1156 2922 sit,
1168 2873 1227 2928 qaoe
1235 2875 1283 2907 ce-

230 2947 415 3004 antiquissima
423 2933 481 2984 Dea
490 2945 531 2985 est
542 2932 633 2984 Terra.
648 2934 731 2986 Obtes-
774 2938 827 3008 pit,
846 2955 895 3008 pro
908 2954 966 3009 qua
977 2938 1084 3009 accepit.
1097 2939 1170 2991 Serv.
1180 2937 1280 2990 -Alii

231 3014 438 3076 tariautemest,
452 3011 487 3064 ob
497 3011 615 3084 aliquam
623 3032 732 3068 causam
776 3017 867 3070 Servio
879 3035 933 3068 non
947 3016 1113 3082 adsentiunt,
1126 3029 1153 3068 et
1165 3036 1197 3068 ex
1206 3019 1282 3070 Stra-

229 3096 300 3147 Deos
312 3107 391 3147 testes
404 3091 541 3146 adhibere.
775 3097 846 3148 bone
867 3096 913 3148 lib.
936 3096 1011 3163 Xlll,
1033 3094 1176 3148 adfirmant
1194 3097 1281 3162 luisse

267 3173 326 3227 260.
346 3173 520 3246 Quacumque
539 3173 606 3223 milti
619 3171 732 3244 fartum
775 3175 898 3228 Arisbam
906 3174 1120 3228 urbem'l'roadrs
1128 3176 1281 3248 ciranlJy

225 3252 397 3327 fidesqaeest
415 3254 570 3305 Fortunam
582 3265 679 3305 eventu
691 3265 731 3304 est
776 3253 839 3306 dnm
856 3265 882 3306 et
898 3251 1089 3324 Lampsacum,
1107 3271 1200 3306 versus
1214 3255 1280 3305 Pro·

231 3336 373 3396 factorum,
375 3328 553 3402 fidesautem
546 3352 574 3384 ιιι
583 3345 729 3404 potestate.
775 3331 931 3404 pontidem3
956 3331 1059 3384 addunt
1081 3331 1161 3402 hujus
1183 3335 1281 3406 oppidi

233 3429 413 3485 quecunque,
424 3411 474 3477 ait,
490 3413 518 3462 in
530 3431 572 3465 me
583 3413 665 3466 fuerit
672 3412 731 3484 sor·
775 3416 920 3466 Homerum
930 3413 1081 3465 meminisse
1091 3409 1168 3466 lliad.
1179 3413 1242 3479 ΧΠ,
1251 3428 1281 3467 et

233 3506 308 3558 tuna,
318 3489 371 3541 buc
380 3501 430 3554 est,
441 3491 463 3540 si
472 3490 566 3542 melior
573 3511 614 3544 me
617 3492 731 3565 fortuna
775 3492 850 3553 XX13
865 3492 978 3544 Plinium
991 3492 1039 3544 lib.
1053 3493 1086 3557 V,
1099 3493 1149 3546 30:
1165 3495 1278 3547 AEneam

234 3570 393 3640 respexerit,
412 3581 440 3618 et
458 3569 480 3620 si
497 3572 593 3639 quain
609 3590 651 3625 me
662 3570 732 3645 fides
775 3571 857 3642 paulo
866 3583 927 3623 ante
935 3569 1104 3622 obsidionem
1112 3573 1200 3642 Trojoe
1209 3573 1279 3626 illud

233 3663 287 3714 est,
301 3647 372 3698 hauc
384 3646 497 3698 servabo
509 3649 609 3700 meritis
620 3651 729 3718 vestris,
776 3651 981 3720 expugnavisses,
1005 3661 1032 3702 et
1054 3663 1116 3720 post
1136 3652 1279 3706 victoriam

234 3729 262 3778 in
278 3737 396 3788 tantum,
418 3736 448 3774 ut
466 3725 494 3775 in
511 3737 600 3777 vestro
620 3729 731 3782 arbitrio
775 3727 838 3782 inde
851 3727 936 3780 multa
947 3728 1054 3780 maximi
1063 3731 1144 3799 pretii
1157 3732 1280 3783 sustulisss·

235 3808 283 3870 sit,
298 3802 363 3874 quid
373 3802 567 3872 repeudrvobrs
575 3824 624 3875 pro
631 3810 732 3861 mentis
776 3820 889 3872 se,1nter
897 3826 955 3878 quae
962 3807 1086 3862 btnabaec
1092 3810 1199 3881 pocula
1207 3811 1279 3863 Cou-

235 3885 340 3936 debeat.
348 3881 453 3932 bervrus
459 3899 509 3951 per
510 3879 649 3952 fortunam
658 3905 733 3958 opes,
776 3887 818 3938 fer
834 3905 866 3940 ea
882 3905 940 3960 que
954 3899 1097 3945 narrentur
1110 3890 1277 3957 Excurtul,

234 3981 283 4036 per
283 3959 367 4035 fidem
377 3960 488 4014 consilia
495 3961 625 4034 mtelltgn
777 3964 830 4018 vol.
840 3965 885 4032 lV,
897 3983 958 4036 pag.
952 3963 1013 4032 ·⁸⁴l
