2720 4588
338 331 390 392 nt
413 319 650 401 auainos
674 334 767 403 mn
791 318 884 408 ΧΠ.
970 317 972 321 ’
1065 357 1127 422 225

9 51 10 84 i

9 407 12 528 i
83 444 348 530 detorquendosa
363 473 454 512 cursu
471 475 580 536 equos,
597 457 825 545 flectendusque
837 466 932 528 aliam
947 471 978 531 in
994 479 1128 557 partem,

9 577 13 854 ,
82 551 113 594 et
126 535 336 598 inhibendum
350 539 478 602 iliorum
491 545 655 626 impetum.

122 623 191 705 374.
208 626 441 688 Subobscurum
460 629 536 706 hoc,
552 645 582 692 et
602 637 647 694 ita
663 637 898 718 explicandum:
916 636 1057 727 pertinax
1070 649 1130 711 fuit

81 711 222 794 Phegeus
237 717 271 774 in
286 718 469 798 torquendis
486 723 591 802 equis3
607 723 653 782 ilii
667 728 814 787 eumdem
833 731 1012 811 trahebant,
1025 752 1060 796 ut
1072 743 1127 821 qui

82 799 209 862 feroces.
226 802 334 886 ltaque
348 804 489 888 Phegeus
504 809 578 868 dum
594 809 690 872 trahit
706 815 842 893 trahitur,
855 823 1033 902 ac'proinde
1044 826 1128 887 vide·

81 887 175 947 batur
190 889 285 950 veluti
300 893 435 971 pendere
452 896 531 977 jugo
550 901 630 958 inter
645 903 728 981 ipsos
746 924 862 984 equos:
881 929 917 968 ac
937 908 1011 969 tum'
1026 912 1128 976 iuncea

82 979 173 1037 missa
185 1001 202 1038 a
217 983 323 1038 Turno
337 979 427 1040 ilium
441 989 624 1066 consequitur
634 1003 783 1064 retectum,
797 993 899 1072 idest,
915 1013 1074 1079 patentem
1087 1005 1127 1064 ad

82 1069 157 1127 ictus
177 1071 258 1128 inter
279 1091 434 1150 equorum
451 1077 563 1156 capita.
583 1077 719 1139 Adhibet
742 1082 891 1144 effectum
906 1089 1000 1162 ictus-3
1019 1097 1127 1174 rumpit

84 1151 203 1215 ioricam
223 1153 353 1231 bilicem,
375 1173 406 1218 et
427 1175 549 1221 tantum
566 1163 697 1246 deprcstet
710 1167 828 1230 vulnere
844 1195 990 1234 summum
1007 1197 1124 1258 corpus,

83 1245 154 1323 quia
169 1242 280 1304 ieviter
293 1267 455 1327 percussus
473 1265 518 1310 est
536 1251 691 1334 Phegeus;
704 1270 734 1316 et
746 1263 924 1339 perstrictus
944 1284 1050 1324 morsu
1061 1259 1128 1327 lan·

86 1353 145 1392 ceae
159 1336 351 1395 tenuissimo.

119 1423 189 1504 377.
201 1423 285 1500 Quid
296 1438 364 1485 tum
374 1425 531 1510 Phegeus?
543 1431 652 1492 eadem
665 1436 795 1512 virtute,
810 1459 871 1520 qua
883 1460 978 1522 equos
990 1446 1124 1505 retinue-

83 1523 140 1584 rat,
154 1531 306 1572 conuersus
317 1516 348 1573 in
361 1513 468 1576 hostem
484 1517 545 1578 ibat
556 1517 660 1600 clypeo
668 1521 792 1604 objecto,
804 1541 833 1586 et
844 1529 957 1608 petebat
971 1532 1028 1591 sibi
1040 1537 1125 1592 auxi·

85 1597 152 1660 lium
163 1600 250 1663 ducto
258 1625 408 1681 mucrone,
422 1606 455 1665 id
465 1621 521 1682 est,
536 1609 645 1669 educto
659 1625 688 1670 et
700 1613 818 1674 nudato
831 1617 945 1696 gladio.
954 1621 1038 1680 Dum
1050 1643 1124 1682 vero

84 1690 342 1771 totuspuguandi
354 1692 477 1754 fervore
500 1697 637 1756 intentus
652 1699 685 1758 in
699 1702 840 1762 Turnum
852 1719 910 1780 est,
924 1710 1032 1767 misere
1049 1731 1121 1790 pro·
1220 1767 1222 1776 ,

84 1779 172 1837 tritus
186 1793 233 1840 est
246 1781 285 1840 ab
301 1793 368 1840 rota
383 1793 413 1841 et
424 1805 493 1859 axe,
507 1787 735 1846 concitantibus
748 1811 778 1848 se
790 1793 894 1873 equis;
907 1815 942 1854 ae
958 1807 1032 1856 tunc
1044 1799 1133 1856 Tur-³

81 1888 137 1927 nus
150 1867 293 1930 desiliens
306 1871 411 1947 curru,
429 1889 523 1955 eaput
539 1874 586 1934 ilii
602 1871 791 1960 amputavit,
809 1883 956 1944 immerso
968 1885 1073 1966 gladio
1090 1891 1124 1946 in

80 1952 240 2036 jugulum,
265 1961 457 2020 interimam
478 1963 597 2044 galeam
617 1979 647 2024 et
665 1987 801 2028 summas
818 1969 954 2033 thoracis
976 1995 1064 2035 oras:
1081 1977 1123 2035 ita

82 2047 214 2119 moritur
225 2045 378 2129 Phegeus,
391 2051 475 2112 edito
490 2054 577 2134 prius
592 2055 710 2134 ingenti
724 2056 870 2119 facinore.

113 2131 186 2192 383.
198 2136 288 2194 Latet
299 2135 351 2196 hic
359 2159 464 2206 cause,
472 2161 526 2199 cur
534 2143 656 2200 Turnus
668 2145 771 2204 victor
783 2145 916 2222 fureret3
927 2161 958 2206 et
969 2170 1003 2207 ea
1013 2151 1045 2207 in
1058 2149 1122 2210 lau—

82 2219 150 2279 dem
162 2223 264 2282 AEneae
276 2246 282 2282 :
296 2221 391 2285 dabat
403 2230 486 2286 enim
501 2229 626 2306 funera,
641 2233 714 2312 quia
727 2246 803 2292 tunc
817 2235 925 2294 AEneas
937 2236 1119 2297 vulneratus

81 2329 142 2368 non
151 2331 181 2370 se
189 2313 485 2392 poteratadbellum
493 2319 699 2391 commovere;
709 2321 806 2378 immo
816 2321 1120 2401 quiaperducebatur

82 2399 169 2456 asuis
177 2399 211 2457 in
220 2413 320 2460 castra
329 2415 410 2462 totus
419 2418 583 2480 cruentus,
594 2418 623 2464 et
634 2409 742 2482 nitens,
753 2407 944 2488 firmansque
954 2409 1069 2490 cuspide
1078 2411 1129 2469 ai-⁴

82 2498 172 2546 ternos
182 2509 308 2569 pressum
322 2493 396 2572 quia
408 2491 496 2554 hasta
509 2497 604 2554 vicem
615 2494 705 2576 pedis
719 2494 861 2577 gerebat,
875 2499 930 2558 ubi
944 2499 1055 2557 vuinus
1071 2520 1123 2559 ac*

81 2590 201 2656 ceptum
218 2579 326 2640 fuerat.
341 2583 448 2662 ltaque
462 2584 571 2664 pedem
584 2605 693 2645 sanum
710 2585 826 2667 figebat
840 2589 873 2646 in
887 2584 967 2647 terra
974 2589 985 2664 ;‘
999 2587 1121 2648 hastam

80 2685 135 2744 pro
146 2667 245 2728 altero
255 2692 263 2743 3
277 2681 307 2729 et
319 2670 390 2731 ideo
400 2670 506 2734 alterni
514 2697 638 2757 pressus:
651 2689 779 2736 notetur
788 2692 819 2738 et
830 2678 928 2758 pietas
939 2676 1121 2738 ducentium

9 2809 10 2812 ,
81 2755 213 2832 AEnean,
226 2758 396 2837 Mnesthei,
412 2763 550 2840 Achatis,
566 2767 697 2826 Ascanii.

117 2843 185 2926 387.
201 2845 281 2906 Vide
299 2848 451 2910 excelsum
465 2853 568 2914 AEneae
585 2855 728 2913 animum
743 2877 749 2910 :
763 2852 844 2912 nihil
856 2853 953 2914 molle
965 2856 1133 2935 loquitur,

80 2947 131 2992 aut
143 2933 234 3010 facit,
247 2937 281 2995 in
295 2951 359 2997 tam
372 2940 481 3000 acerbo
496 2943 639 3017 vulnere3
655 2944 753 3001 immo
765 2945 860 3016 soeuit3
875 2953 904 3002 et
920 2941 1046 3002 luctatur
1061 2943 1121 3002 sibi

81 3023 207 3102 ipsemet
220 3023 308 3086 telum
322 3031 533 3114 eriperefructu
546 3032 691 3092 arundine
703 3056 712 3090 :
723 3045 753 3090 et
765 3032 838 3121 quia
849 3030 887 3090 de
899 3029 982 3088 bello
1000 3043 1123 3130 tautum

81 3112 284 3190 cogitat,u0n
295 3114 334 3174 de
346 3117 444 3178 salute
453 3121 559 3201 ,poscit
569 3123 600 3180 in
612 3117 759 3180 auxilium
768 3121 846 3177 vium
862 3137 928 3176 eam
938 3161 946 3190 ,
958 3137 1022 3197 qucc
1029 3139 1123 3198 proxi-

81 3219 147 3258 ma:
166 3221 237 3280 quae
251 3222 324 3262 vero
343 3203 411 3265 haee
431 3209 575 3290 proxima
592 3207 660 3266 vie?
673 3221 755 3267 certe
775 3204 1012 3285 magnanimum
1028 3203 1123 3280 illud,

80 3307 142 3348 ense
151 3303 249 3350 secent
257 3290 376 3369 vuinus,
388 3309 418 3354 et
431 3293 504 3371 lato,
515 3311 549 3356 ut
559 3299 612 3378 qui
622 3295 703 3356 nihil
715 3293 849 3377 trepidet
859 3292 957 3352 ullam
969 3292 1122 3354 carnifici-

9 3487 10 3490 ’
112 3487 173 3556 376.
186 3489 421 3565 Degustatcorpus.
434 3495 464 3546 Id
477 3509 529 3560 est,
542 3496 580 3548 ie·
625 3497 664 3546 der
680 3491 812 3574 pecipitur,
831 3504 937 3565 gustans
956 3491 1070 3546 honores.
1091 3493 1124 3544 Et

80 3569 144 3619 viter
154 3572 253 3642 tangit,
267 3574 384 3644 stringit,
402 3590 514 3646 propter
525 3578 578 3628 fusi
611 3575 715 3645 'Eurip.
729 3576 756 3624 in
767 3573 866 3625 Alcen.
880 3569 973 3627 nititur
982 3572 1050 3624 utu
1056 3571 1124 3637 ptio-

81 3650 215 3719 sanguinis
223 3646 406 3722 exiguitatem:
416 3655 579 3708 undeecon-
616 3674 666 3724 ¹pau
681 3654 763 3720 πικροῦ
773 3674 778 3702 :
798 3671 918 3703 amarum
929 3651 998 3704 bunc
1009 3651 1124 3702 dolorem

81 3730 161 3780 trario
179 3729 214 3782 de
231 3730 412 3786 alto'vuinere
430 3737 480 3801 ait,
502 3738 578 3786 «Vin
620 3742 703 3806 gusto.
712 3731 745 3781 Et
752 3731 859 3783 Tacitus
869 3731 965 3783 Annal.
974 3731 1019 3796 VI,
1027 3743 1057 3782 ut
1065 3731 1125 3783 bre·

9 3851 10 3870 ,
81 3809 240 3880 gineumque
259 3810 312 3862 alte
333 3811 402 3864 bibit
421 3826 481 3865 acta
500 3833 579 3866 eruo·
624 3818 761 3869 vissimum
772 3817 917 3886 imperium
928 3815 1126 3888 Galbaesigniii·

9 3881 10 3890 ³
82 3906 143 3939 rem.
155 3913 166 3936 ι
180 3890 207 3942 S.
216 3881 376 3944 -Verbum
389 3894 480 3966 Virgii.
496 3894 581 3948 Graeci
626 3908 745 3962 caretur,
757 3919 767 3942 κ
778 3908 804 3947 et
812 3907 850 3963 tu,
857 3895 953 3963 Galba,
961 3895 1125 3967 quandoque

9 3975 10 4010 1
83 3983 212 4041 usurpant
222 3973 541 4046 pacifermesigniiicato,
552 3987 582 4026 ut
627 3977 780 4050 degustabis
795 3979 948 4050 imperium.
961 4001 971 4024 n
990 3979 1032 4030 ita
1044 3979 1123 4029 Luer.

84 4067 163 4118 quum
171 4051 237 4103 Piut.
247 4053 275 4104 in
285 4052 354 4123 Sylla
363 4053 437 4121 dixit,
444 4057 489 4106 ut
495 4060 584 4124 τιμᾶσ-
627 4058 674 4112 lit).
685 4061 722 4121 li,
736 4059 832 4129 «ignee
845 4057 988 4132 degustant
1000 4059 1082 4128 tigna.
1095 4082 1105 4101 n

9 4129 10 4134 ¹
924 4143 953 4194 15
