2654 4590
240 269 282 338 60
566 271 945 336 COMMENTARIA

241 415 258 453 a
272 406 327 454 tuo
342 396 412 467 erit;
428 397 544 476 quippe
559 395 645 477 quod
658 407 756 455 versat
769 407 940 475 tractatque
950 414 1018 453 mea
1027 393 1155 454 dextera
1167 392 1321 473 majore

238 483 269 540 vi
285 497 316 541 et
329 485 459 542 virtute:
476 505 575 566 neque
585 506 658 544 vero
669 498 704 544 tu
716 497 823 544 auctor
833 485 891 542 eris
901 481 993 562 hujus
1003 495 1058 541 aut
1067 481 1137 557 teli,
1152 495 1221 542 aut
1234 479 1321 540 vul-

239 572 334 644 neris3
348 575 435 652 quasi
449 572 547 632 dicat:
561 574 739 654 longissime
753 587 800 648 tu,
813 585 905 654 atque
916 593 973 652 ego
986 570 1158 632 distamus:
1176 591 1258 630 non
1272 581 1317 628 tu

240 660 389 732 haector,
405 661 435 720 id
450 674 508 737 est,
523 683 588 720 non
603 676 637 722 tu
650 683 706 743 par
719 674 840 735 auctor,
853 658 971 726 καὶῖσος.
983 685 997 715 a
1074 695 1075 700 κ

281 747 347 828 749.
370 752 428 809 Vix
441 750 505 812 haec
519 751 649 826 dixerat,
669 773 765 832 quum
781 749 921 832 gladium
934 750 966 807 in
980 749 1078 808 altum
1091 745 1250 820 sustulit3
1274 759 1315 804 et

238 840 305 918 ipsc
325 841 362 898 ad
383 841 477 900 ictum
494 843 697 914 consurrexit;
718 862 815 922 eaque
833 839 864 897 vi
883 859 948 912 rem
964 839 1067 918 gessit,
1090 851 1126 896 ut
1143 835 1310 896 medium

240 941 333 1007 caput
345 947 400 1008 per
413 930 549 990 frontem
561 930 758 1004 discinderet,
772 927 912 988 dividens
924 929 957 986 in
970 939 1070 1008 partes
1084 925 1179 986 duas.

281 1016 347 1094 752.
366 1019 509 1097 Sequitur
527 1020 646 1077 sonitus
663 1030 693 1076 et
708 1018 869 1076 concussio
890 1029 978 1074 tcrrae
996 1013 1035 1072 ad
1053 1011 1227 1072 cadentem
1250 1011 1305 1090 gi-

241 1115 384 1178 gantem:
406 1105 517 1164 dilatat
532 1103 612 1164 hanc
628 1106 751 1162 ruinam
767 1126 784 1162 a
801 1102 945 1180 collapsis
960 1101 1102 1175 artubus,
1125 1097 1169 1158 ab
1187 1099 1305 1157 stratis

241 1189 348 1260 armis,
361 1188 468 1270 hisque
478 1191 644 1250 cruentatis
654 1187 770 1248 cerebri
780 1191 947 1269 sanguine:
959 1188 1085 1246 demum
1095 1186 1230 1246 exhibet
1242 1184 1302 1244 de-

240 1273 350 1334 formis
360 1277 433 1338 lethi
442 1279 568 1338 modum
578 1303 585 1353 ;
598 1298 670 1338 nam
679 1277 813 1335 divisum
823 1291 915 1357 caput
924 1274 1073 1357 pependit
1081 1287 1173 1356 parte
1182 1293 1301 1356 aequa,

239 1360 312 1424 hinc
325 1381 416 1447 atquc
430 1371 516 1444 inde,
531 1373 562 1426 in
578 1382 744 1446 utrumque
756 1364 932 1424 humerum.

279 1456 346 1533 756.
366 1456 410 1514 Ad
424 1455 632 1537 spectaculum
650 1454 784 1516 cadentis
796 1453 947 1530 Pandari,
970 1455 1024 1533 qui
1041 1452 1180 1512 aliorum
1201 1453 1295 1533 prin-

240 1561 325 1622 ceps,
346 1544 470 1623 fugiunt
486 1543 611 1624 Trojani
627 1545 744 1604 territi:
767 1545 800 1602 in
818 1543 893 1623 fuga
909 1535 1115 1623 Trojanorum
1131 1542 1297 1622 potuisset

238 1625 331 1688 facilc
346 1631 468 1690 Turnus
486 1645 587 1710 portas
604 1652 750 1706 reserare,
772 1651 847 1710 quas
866 1630 1023 1690 Pandarus
1042 1631 1233 1701 occluserat3
1256 1649 1294 1686 ac

240 1726 306 1773 tum
321 1719 354 1774 in
367 1719 472 1778 urbem
485 1721 649 1778 immittere
661 1719 813 1798 reliquos,
829 1719 882 1799 qui
895 1731 979 1777 extra
991 1731 1094 1790 erant3
1110 1715 1144 1775 id
1157 1717 1184 1775 si
1196 1716 1292 1775 fecis·

240 1819 301 1880 set,
312 1819 413 1865 actum
428 1807 465 1866 de
477 1807 666 1889 Trojanis'eo
678 1807 761 1867 bello
774 1823 849 1867 esset
859 1831 866 1882 ;
877 1807 928 1868 sed
939 1808 984 1867 uti
999 1808 1127 1866 victoria
1138 1806 1288 1877 nescivit,

242 1906 271 1950 et
281 1897 384 1974 potius
393 1908 458 1954 tum
470 1896 572 1971 duxit,
588 1897 755 1978 fugientem
766 1895 885 1955 hostem
897 1897 1032 1976 insequi,
1045 1895 1151 1954 furore
1161 1893 1287 1952 ardens.

282 1985 349 2064 762.
363 1987 507 2067 Sequitur
518 1989 670 2046 saevientis
681 1987 778 2046 Turni
788 2000 818 2044 et
828 1985 1013 2045 devastantis
1025 1987 1130 2043 omnia
1145 1984 1285 2064 descrip-

243 2072 307 2130 tio:
327 2075 380 2132 ubi
397 2075 482 2134 mille
498 2077 609 2152 caedes3
624 2077 753 2136 vulnera
767 2078 932 2150 immania;
948 2075 1036 2135 furor
1047 2073 1128 2134 ultra
1140 2073 1285 2133 modum.

242 2160 486 2244 Numeratpoeta
499 2165 658 2241 Phalarin,
669 2167 790 2246 Gygen,
801 2163 918 2244 Halyn,
930 2161 1050 2243 Phegea
1059 2184 1069 2220 ε,
1077 2163 1108 2221 in
1120 2159 1283 2221 nonnullis

241 2249 370 2310 modum
381 2257 501 2316 mortis:
513 2269 542 2315 et
551 2261 653 2338 potuit
660 2254 783 2338 quidem
793 2275 874 2314 unus
882 2265 990 2314 contra
996 2266 1043 2312 tot
1051 2255 1145 2326 viros,
1157 2253 1175 2310 J
1178 2270 1282 2310 unone

239 2342 385 2401 virtutem
398 2345 576 2426 inspirante.
586 2347 621 2406 ln
631 2347 725 2406 verbo
736 2347 850 2426 excipit,
863 2357 937 2404 nota
946 2350 1036 2411 πάθοςε
1047 2363 1119 2402 nam
1131 2361 1200 2421 quae
1210 2340 1276 2400 haec

241 2435 381 2513 exceptio,
409 2457 477 2514 quae
494 2449 559 2496 tota
578 2436 616 2496 ad
633 2433 784 2496 mortem?
812 2439 921 2516 Raptus
938 2432 1033 2494 hastas
1050 2431 1182 2513 explica,
1205 2451 1278 2510 quas

241 2513 344 2578 hostes
358 2522 469 2600 trepidi
482 2521 668 2602 abjiciebant
681 2523 713 2580 in
726 2521 816 2601 fuga,
838 2536 872 2582 ut
884 2521 936 2580 fit:
956 2541 1047 2594 nam,
1063 2539 1162 2599 neque
1173 2519 1278 2577 Dona-

242 2617 306 2678 tus,
317 2616 417 2687 neque
426 2610 545 2669 Servius
554 2609 691 2690 placent:
703 2611 746 2669 ait
756 2609 911 2690 Phegeum
921 2609 1068 2690 confixum
1077 2625 1194 2688 parata,
1207 2607 1278 2685 quia

241 2691 364 2751 Turnus
377 2693 462 2754 hasta
473 2697 636 2773 transfixit,
651 2709 680 2756 et
689 2696 783 2756 veluti
792 2699 913 2758 consuit
921 2694 1090 2776 Phegeum,
1102 2705 1132 2752 et
1141 2713 1277 2772 parmam

244 2775 323 2857 ejus,
336 2794 503 2865 utrumque
512 2799 675 2866 penetrans
688 2808 694 2842 :
706 2785 825 2864 itaque,
839 2805 905 2844 non
915 2782 1052 2866 Phegeus
1063 2778 1198 2840 confixus
1208 2800 1275 2858 par-

244 2887 311 2944 ma,
327 2873 409 2952 quod
426 2877 565 2956 ineptum
577 2889 668 2950 esset;
683 2873 734 2936 sed
746 2873 885 2956 Phegeus
900 2887 928 2934 et
941 2893 1048 2956 parma
1062 2867 1154 2930 simul
1165 2868 1276 2928 confixi

245 2967 274 3014 et
288 2958 381 3018 insuti
393 2965 489 3022 Turni
504 2961 600 3024 hasta.

244 3113 284 3152 set
294 3121 342 3172 per
353 3105 497 3172 insaniam,
509 3107 598 3179 gladio
611 3107 738 3160 incubuit.
786 3108 922 3178 consurgit
940 3107 1048 3156 Turnus
1063 3103 1091 3154 in
1108 3119 1221 3154 ensem.»
1242 3101 1275 3151 Et

245 3179 351 3251 Ulysses
370 3185 524 3253 intervenit,
541 3187 658 3239 occisum
674 3207 740 3239 con·
785 3187 819 3239 de
841 3189 937 3252 AEnea,
962 3187 1101 3254 «Jamque
1122 3183 1272 3252 assurgentis

245 3262 376 3329 spiratur,
388 3281 501 3334 corpore
511 3268 592 3318 telum
602 3279 740 3319 cruentum
785 3266 895 3331 dextra,
908 3266 1068 3336 plagamque
1079 3263 1191 3314 ferentis.
1202 3285 1212 3308 n

247 3339 344 3392 educit.
357 3367 367 3388 n
380 3371 414 3382 -
424 3345 525 3407 Versat‚·
539 3347 632 3413 librat,
646 3350 738 3418 jactat.
820 3347 880 3417 759.
891 3345 964 3398 Bello
972 3345 1095 3418 gentique
1098 3343 1191 3415 fuisset.
1204 3341 1271 3408 Quia

246 3422 365 3472 Ennius:
381 3434 461 3474 versat
472 3443 633 3478 mucronem.
784 3427 839 3478 illic
859 3427 990 3476 Ascanius
1015 3421 1215 3494 extinguebatur.
1235 3451 1270 3460 -

245 3529 248 3537 ι
281 3503 340 3568 749.
357 3501 490 3553 Sublatam
504 3502 556 3554 alte
569 3506 698 3580 consurgit
712 3507 739 3556 in
786 3508 914 3580 Coedisque
930 3505 1021 3558 insana
1038 3504 1138 3575 cupido.
1155 3502 1269 3554 OEcono·

245 3598 337 3630 ensem.
348 3579 436 3631 Genus
445 3581 556 3633 feriendi
563 3584 737 3638 Gallicanum.
783 3589 837 3638 mia
846 3599 898 3651 est,
909 3603 966 3656 quae
975 3595 1083 3636 excusat
1092 3585 1213 3646 Turnum,
1221 3600 1266 3632 cur

244 3658 397 3723 Sallustius,
411 3661 551 3731 «Regressi
562 3663 596 3714 ad
607 3665 739 3716 faciliores
784 3669 852 3730 nori,
866 3684 882 3715 a
890 3676 971 3734 porta
979 3664 1077 3733 fugatis
1089 3661 1212 3729 Trojanis,
1221 3679 1264 3731 pe·

244 3739 312 3788 ictus
324 3737 384 3788 loco
397 3737 536 3790 cedebant.
548 3764 558 3788 ιο
572 3742 640 3795 Sero.
649 3746 740 3795 -Mi-
783 3746 854 3795 nitus
868 3743 955 3794 deleta
966 3743 1019 3792 sint
1032 3753 1125 3793 castra.
1135 3741 1195 3792 Serv.

244 3815 447 3868 litarisferiendi
455 3819 660 3875 modussublato
669 3842 739 3894 ense,
821 3824 879 3894 764.
890 3823 962 3874 Juno
974 3821 1037 3874 vires
1048 3823 1204 3891 animumque
1215 3820 1262 3870 mi·

245 3897 320 3962 cujus
334 3896 397 3947 alibi
406 3912 486 3968 poeta
494 3903 626 3964 meminit;
636 3921 697 3952 nam
708 3901 741 3953 de
785 3905 882 3959 nistret.
895 3903 1077 3965 OEconomia,
1089 3913 1119 3951 ut
1130 3899 1193 3970 qued
1203 3899 1260 3950 dicit

247 3974 341 4028 codem
361 3977 468 4047 Turno,
501 3981 584 4034 «Alte
608 3982 742 4036 sublatum
785 3983 871 4054 possit
885 3999 941 4036 esse
955 3979 1106 4035 verisimile.
1119 3979 1259 4032 s-tlon.
