2704 4582
243 337 325 406 ..σι
590 289 973 402 counauranrn

260 463 315 522 ciis
331 459 402 519 tuis.
421 458 484 518 Cur
502 454 540 516 de
560 456 684 532 eodem,
702 460 829 520 sinistros
845 461 959 520 motas?
976 459 1121 536 fortasse,
1140 463 1215 544 quia
1235 482 1314 521 non

261 547 396 609 utilitate
414 541 541 628 publica
561 544 717 626 querebat
735 550 859 628 nuptias
869 549 1030 623 Lauiniae,
1038 547 1090 608 sed
1105 548 1216 608 ardens
1232 546 1316 608 libi-

259 635 333 696 dine
345 633 526 695 immodica.

300 725 367 786 352.
389 722 534 784 Consulit
553 719 681 781 tandem
702 725 766 803 regi
788 721 994 799 Drances,·ut
1006 738 1058 784 tot
1076 725 1168 784 donis
1178 741 1313 799 unum,

259 812 343 897 quod
356 813 562 894 praecipuum,
580 808 746 891 adjungat,
763 820 869 870 natam
887 811 1001 872 scilicet
1015 815 1048 872 in
1065 813 1314 872 matrimonium

259 906 370 964 AEneae.
385 901 474 960 Ratio
494 898 708 981 quadruplex3
729 901 803 982 quia
820 901 1014 975 Dardanidis,
1033 901 1063 960 id
1082 901 1313 982 est,·cognatis

258 983 334 1064 tuis3
348 1009 422 1047 nam
434 985 598 1046 Dardanus
613 987 650 1046 ab
661 987 751 1046 ltalia
761 989 795 1044 in
806 988 908 1046 Asiam
919 988 1077 1069 proiectus
1086 1011 1093 1046 ε
1103 991 1213 1064 altera,
1228 990 1314 1068 quia

255 1101 342 1164 qencr
358 1079 504 1159 cqreqius:
522 1078 628 1152 tertia,
646 1077 720 1157 quia
739 1075 821 1157 aliqui
837 1077 1009 1158 Hymenaei,
1026 1091 1151 1137 ut·cum
1171 1079 1312 1138 homine

254 1173 318 1231 Dea
331 1180 422 1241 nato,
435 1166 553 1225 victore
565 1165 677 1240 Itaiiae,
689 1167 826 1225 Deorum
842 1165 939 1226 tutela
955 1167 994 1225 ab
1009 1164 1153 1247 Trojanis
1167 1165 1312 1226 flammis

254 1271 391 1322 servato:
406 1267 532 1335 quarto,
547 1256 622 1335 quia
636 1255 678 1313 ita
690 1253 818 1313 tandem
834 1268 980 1336 sequetur
994 1269 1108 1316 aeterna
1122 1277 1198 1338 pax,
1213 1270 1313 1316 aeter·

254 1369 332 1410 num
344 1343 458 1404 foedus.
467 1345 573 1403 Tantis
584 1363 657 1422 ergo
671 1340 877 1402 allucentibns
890 1341 1076 1420 commodis,
1089 1363 1146 1402 cur
1154 1357 1185 1403 te
1195 1344 1312 1404 miseri

254 1431 439 1498 homunculi
452 1433 550 1492 Turni
560 1435 660 1492 vincat
671 1430 823 1506 violentia,
836 1434 941 1509 idest,
954 1435 1057 1494 inanis
1068 1431 1188 1492 terror?

293 1527 360 1608 357.
369 1523 528 1583 Sententia
539 1533 597 1582 est:
611 1522 653 1596 si,
664 1542 727 1603 quo
738 1523 843 1582 minus
852 1535 957 1583 natam
971 1523 1022 1584 des
1032 1523 1146 1597 AEneae,
1156 1523 1311 1580 Turnum

249 1619 358 1687 times,
384 1631 403 1670 o
426 1611 551 1685 Latine,
579 1608 770 1670 obtestemur
795 1612 897 1691 ipsum
922 1607 1093 1691 (invidiose
1117 1610 1245 1691 ipsum),
1262 1621 1310 1668 ⁴et

252 1722 375 1766 oremus
390 1699 530 1772 veniam,
548 1711 583 1758 ut
603 1699 668 1780 ipse
685 1697 774 1757 cedat
788 1697 844 1757 tibi
859 1701 934 1780 Regi
950 1698 1000 1782 jus
1014 1712 1102 1758 tuum
1118 1698 1309 1780 proprium,

252 1793 346 1873 idque
362 1790 395 1848 in
414 1789 547 1868 gratiam
562 1788 690 1867 patriast
706 1788 794 1866 quasi
808 1785 904 1846 dicat:
920 1790 1066 1869 patiatur,
1080 1798 1110 1846 te
1125 1788 1239 1866 Regem
1256 1786 1308 1845 nti

247 1881 317 1965 jure
335 1893 400 1940 tuo.
420 1877 560 1936 Dissensi
581 1878 614 1934 in
635 1874 843 1956 explicatione
861 1875 921 1936 hac
944 1877 982 1936 ab
1000 1875 1161 1951 omnibus,
1181 1877 1236 1957 qui
1248 1873 1306 1958 jus

247 1972 396 2056 proprium
413 1963 550 2024 referunt
570 1962 610 2022 ad
628 1965 787 2022 Turnum:
808 1983 865 2044 ego
888 1965 927 2024 ad
948 1966 1096 2024 Latinum
1110 1963 1234 2037 refer03
1255 1975 1308 2022 est

248 2062 334 2120 enim
346 2052 443 2135 niajor
459 2051 631 2133 emphasis3
647 2063 676 2110 et
691 2049 772 2111 nihil
787 2051 849 2112 dici
863 2055 963 2114 acrius
978 2056 1081 2134 potuit
1095 2053 1134 2113 ad
1149 2054 1302 2112 Latinum

249 2143 456 2208 movendum}
470 2141 570 2216 aliter,
579 2153 649 2200 turn
659 2139 774 2222 frigida
790 2155 836 2202 est
849 2145 1016 2218 sententia,
1029 2155 1095 2204 tum
1108 2141 1204 2202 falsa:
1217 2159 1303 2200 nam

248 2237 373 2297 nullum
384 2231 434 2313 jus
445 2232 543 2289 Turni
553 2229 592 2290 ad
606 2231 731 2313 nuptias
746 2233 892 2294 Lauiniae.

288 2324 356 2384 360.
372 2317 567 2402 Apostrophe
585 2319 623 2380 ad
639 2321 799 2396 Turnum,
815 2320 872 2382 ubi
888 2323 995 2382 omnia
1009 2319 1198 2403 emphatica:
1210 2316 1302 2394 Quid

246 2417 320 2472 cives
334 2409 450 2469 scilicet
463 2417 548 2482 tuos,
561 2405 678 2491 projicis
692 2421 727 2468 ut
741 2408 859 2469 iiies'in
871 2407 1003 2491 pericula
1016 2421 1127 2490 opertu,
1144 2405 1241 2484 idque
1256 2419 1299 2466 to·

219 2561 223 2570 ,
247 2505 310 2573 ties,
328 2510 358 2558 ct
373 2494 499 2578 quidem
509 2498 640 2571 miseros,
658 2510 689 2557 te
699 2516 764 2558 uno
775 2489 932 2559 miseriam
946 2498 1027 2558 hanc
1039 2497 1191 2558 afferente
1197 2493 1296 2554 inam

246 2611 315 2672 quae
330 2585 430 2667 major
444 2587 582 2661 miseria,
596 2607 691 2665 quarn
709 2589 926 2650 innocentibus
941 2589 1061 2649 civibus
1074 2585 1297 2647 infelicitatem

143 2683 146 2692 “
243 2691 331 2735 tuam
345 2670 595 2732 communicare?
612 2674 749 2733 Domum
763 2677 899 2757 erumpit
916 2679 950 2736 in
970 2675 1063 2750 iliud,
1077 2696 1094 2734 o
1108 2676 1191 2734 Latio
1205 2685 1298 2754 caput

245 2759 363 2833 horum,
374 2773 403 2820 et
411 2779 497 2820 causa
506 2757 666 2834 maiorum,
676 2760 763 2842 quod
774 2782 868 2822 nemo
879 2763 962 2843 juste
972 2760 1133 2843 expendat.
1142 2762 1189 2818 Tu
1201 2778 1297 2821 causa

243 2871 289 2927 es,
304 2869 370 2908 non
384 2848 527 2922 Latinus,
539 2868 604 2906 non
618 2847 744 2930 AEneas,
759 2851 813 2932 qui
826 2870 935 2932 pacem
950 2849 1077 2910 volunt:
1089 2862 1119 2908 et
1130 2868 1222 2908 causa
1232 2849 1294 2920 ait,

243 2941 277 2998 in
291 2957 354 3019 qna
368 2955 443 2994 voce
456 2932 534 2994 latet
545 2937 734 2998 criminatio.

277 3093 336 3146 351.
354 3095 433 3166 Fuge
440 3091 534 3165 fidens.
552 3094 621 3147 Illud
633 3098 742 3168 respicit
786 3099 877 3169 loqui:
891 3113 919 3152 et
929 3099 998 3151 bene
1010 3097 1069 3164 hic,
1086 3095 1160 3167 quod
1174 3095 1291 3148 honeste

243 3172 317 3243 quod
339 3171 412 3223 bella
434 3172 550 3238 deserit,
572 3177 678 3228 Junone
700 3177 741 3226 fa·
785 3179 896 3230 Latinus
906 3174 1293 3238 reticueraedioieuavr'niam

242 3252 341 3309 ciento;
354 3249 395 3299 vel
411 3249 474 3318 quia
486 3251 541 3317 ojus
555 3255 685 3303 exercitus
698 3255 741 3304 fu·
786 3272 894 3325 quoquo
905 3255 929 3305 ei
940 3250 1116 3303 offerendam.
1130 3277 1164 3286 -
1178 3249 1292 3322 Eqrepio

240 3329 286 3399 git.
297 3325 424 3392 Quamvis
434 3324 539 3378 Servius
544 3326 620 3398 supe
629 3328 740 3400 figurate
782 3351 891 3404 qenero,
904 3332 1039 3403 dipuisque
1053 3328 1202 3398 hymenoet's.
1219 3329 1291 3401 Ergo

239 3423 289 3476 pro
304 3405 374 3475 fuya
393 3403 494 3455 dictum
514 3417 627 3472 asserat,
651 3419 739 3460 tamen
784 3413 890 3462 Turnus
900 3409 1006 3460 videtur
1015 3406 1150 3475 indignus.
1161 3406 1234 3457 Seru.

233 3485 310 3556 fuqoe
328 3484 356 3532 in
374 3483 563 3551 antiquissimis
584 3497 623 3536 est
642 3484 740 3538 Donati
820 3491 880 3557 359.
890 3489 945 3538 Jus.
956 3485 1097 3556 UipianiJ.
1106 3482 1135 3534 C.
1148 3503 1226 3537 error
1234 3507 1289 3540 ma-

240 3561 453 3614 Commentariis.
465 3561 529 3622 Fido
540 3565 610 3614 anim
621 3563 740 3617 dativum
783 3571 895 3620 niiestus
908 3577 948 3618 est
960 3565 1131 3637 ducentisjus
1145 3569 1286 3637 ajustitia,
1343 3581 1344 3584 ’

239 3657 331 3692 casum
342 3641 451 3690 minime
463 3644 576 3710 respuit,
588 3654 655 3695 teste
667 3647 739 3696 Pris-
784 3665 864 3716 quum
874 3657 967 3696 contra
975 3646 1008 3694 sit
1019 3666 1024 3696 ι
1034 3663 1095 3695 narn
1106 3647 1284 3715 ajurejnstus‚

239 3715 387 3778 oiano,hoc
395 3716 490 3769 eodem
498 3721 579 3771 citato
587 3739 678 3784 versu3
691 3723 738 3775 scd
784 3729 877 3798 ajusto
882 3725 986 3797 justitia
992 3732 1045 3786 ;'ut
1061 3725 1178 3776 honestus
1192 3723 1226 3774 ab
1241 3723 1285 3776 ito·
1342 3749 1343 3777 t

240 3791 357 3845 ablativo
368 3796 447 3842 etiarn
454 3797 530 3864 jungi
541 3812 639 3864 potest.
784 3791 846 3870 nor,
854 3805 960 3876 piqn'tia
973 3822 989 3849 a
997 3806 1077 3870 piper.
1091 3797 1185 3852 Cerda.
1196 3833 1231 3841 —
1242 3806 1284 3856 Ce-
1341 3853 1342 3866 ,

246 3889 254 3900 ·
274 3867 334 3934 354.
343 3869 465 3940 Adjicias.
474 3875 524 3922 Pro
532 3874 615 3944 adjice
623 3895 631 3923 .-
640 3879 738 3927 Teren-
781 3881 827 3926 dat
828 3882 883 3952 jus.
894 3879 1013 3929 Patietur
1024 3881 1122 3951 Regem
1133 3899 1164 3932 ao
1177 3882 1282 3936 Patrem
1341 3871 1342 3943 i

238 3950 290 4000 tius
305 3948 428 4012 «Abeas,
441 3951 551 4021 sisapis.
563 3976 573 4000 s
587 3955 740 4020 Quiainde·
781 3959 820 4007 uti
831 3959 891 4026 jure
907 3976 970 4023 suo,
988 3971 1015 4010 et
1031 3962 1142 4030 propria
1158 3961 1283 4018 libertate
1340 4013 1341 4016 ,

239 4046 300 4082 cens
319 4040 377 4081 erat
397 4029 573 4100 imperatione
595 4032 629 4084 ad
647 4053 737 4104 regern
782 4034 892 4090 definire
902 4055 932 4088 ac
943 4039 1018 4109 sequi
1029 4041 1161 4092 universa.

1329 4453 1338 4547 t
