2654 4590
243 329 284 396 80
570 321 952 389 COMMENTARIA

241 451 280 510 ab
302 445 444 520 oraculo,
468 447 612 506 Externos
626 457 727 526 optate
749 444 856 506 duces.-
891 448 995 528 itaque
1017 467 1081 505 non
1103 467 1310 506 concessum

241 541 303 600 illis
322 540 366 597 ire
385 535 422 596 ad
442 535 578 607 bellum,
600 535 660 593 nisi
677 534 733 594 sub
750 549 876 595 externo
893 535 980 596 duce.
1001 539 1074 597 Viso
1088 557 1162 618 ergo
1176 537 1311 609 AEnea,

241 627 295 709 qui
315 638 474 696 externus,
495 621 585 680 liberi
601 619 665 700 jam
680 635 752 681 sunt
764 622 899 683 etsoluti
918 624 957 682 ab
976 625 1171 698 necessitate,
1194 644 1312 704 quam

239 715 401 776 oraculum
415 715 622 794 imposuerat,
644 733 678 770 ac
689 709 822 792 proinde
834 712 959 772 classem
976 733 1082 774 omnes
1099 711 1311 790 conscende-

240 819 323 868 runt.
340 806 418 865 Gens
430 801 521 883 Lydia
535 815 608 860 sunt
619 801 758 877 Etrusci,
773 795 847 884 quia
860 804 909 861 isti
922 801 962 862 ab
975 803 1077 886 Lydis.

283 893 347 952 156.
367 890 536 970 Navigabat
547 888 617 948 loco
631 891 771 970 principe
789 903 861 948 ante
878 891 952 950 alias
969 893 1053 972 regia
1065 884 1167 951 AEneae
1180 891 1308 965 navis,

240 983 289 1042 cui
310 983 343 1038 in
363 994 461 1039 rostro
479 979 583 1039 leones
600 978 691 1037 ³bini:
714 976 837 1037 exhibet
853 993 944 1060 poeta
961 983 1168 1040 amoenissimo
1187 982 1227 1039 in
1251 978 1311 1038 de-

241 1070 408 1150 scriptione
421 1069 507 1127 navis
522 1068 654 1148 speciem
668 1088 791 1142 currus3
809 1070 896 1148 quasi
909 1067 1017 1128 eodem
1027 1067 1104 1149 jugo
1121 1069 1239 1129 icones
1253 1065 1309 1125 ¹in-

240 1160 311 1220 nexi
324 1167 434 1217 navem
448 1155 609 1236 veherent3
631 1171 662 1216 et
677 1155 819 1238 Phryqins
836 1169 940 1232 vocat,
961 1159 1034 1238 quia
1053 1161 1086 1217 in
1102 1158 1201 1220 tutela
1220 1159 1307 1216 Deae

240 1245 399 1327 Phrygiae,
414 1243 517 1318 idest,
530 1241 677 1324 Cybeles,
692 1241 778 1322 cujus
791 1244 895 1304 tuteioe
906 1247 1067 1306 commissa
1077 1247 1179 1305 AEneae
1191 1247 1306 1304 navis.

239 1337 276 1394 ln
290 1335 385 1394 verbo
399 1347 474 1393 tenet
488 1333 620 1394 subaudi
634 1353 730 1392 marea
749 1334 823 1392 Erat
839 1335 871 1394 in
886 1356 991 1418 puppe
1007 1335 1128 1417 depicta
1145 1333 1202 1394 ida
1224 1353 1306 1414 quae

239 1434 282 1482 est
293 1423 455 1504 qratissima
466 1420 596 1502 profirqis
616 1421 745 1494 Teucris,
768 1423 842 1500 quia
857 1422 930 1481 inde
943 1424 1037 1504 petita
1048 1421 1180 1482 materia
1194 1421 1241 1482 ad
1255 1420 1307 1480 fa·

238 1509 506 1570 bricandasnavcs
518 1505 557 1565 ad
570 1505 676 1588 fugam
689 1509 802 1568 AEneae.

281 1601 345 1676 159.
360 1594 449 1654 Sedet
461 1595 568 1654 AEneas
587 1597 622 1653 in
638 1612 743 1676 puppe
760 1616 879 1676 pressus
891 1594 965 1656 belli
984 1598 1082 1670 curis3
1104 1593 1187 1655 nihii
1205 1597 1301 1656 enim

237 1687 321 1746 bello
334 1687 454 1744 varium
468 1686 575 1764 magis.
590 1685 708 1760 Pallas,
722 1687 777 1767 qui
788 1687 827 1745 ad
838 1687 997 1746 sinistrum
1010 1686 1074 1767 ejus
1086 1685 1186 1758 latus,
1203 1697 1302 1744 aver-

237 1780 275 1836 tit
287 1775 342 1834 has
352 1795 439 1834 curas
450 1775 544 1832 variis
556 1776 691 1855 quaesitis
703 1775 785 1854 :jam
796 1778 880 1834 enirn
892 1776 930 1834 ab
945 1776 1000 1837 illo
1011 1797 1136 1836 cursum
1149 1774 1299 1834 siderum

239 1875 452 1946 percontatur,
466 1874 496 1920 et
509 1863 663 1921 rationem
678 1864 829 1923 nocturni
841 1883 963 1932 cursus3
979 1862 1044 1944 jam
1057 1862 1179 1922 iabores
1189 1899 1201 1937 ,·
1212 1883 1298 1943 quos

238 1973 344 2034 passus
356 1965 435 2010 terra
448 1964 478 2009 et
489 1953 578 2009 mari.
594 1952 741 2032 Expende
753 1953 884 2012 verbum
897 1953 1018 2036 affixus,
1038 1967 1073 2013 ut
1086 1955 1139 2032 qui
1159 1953 1299 2012 alterca-

238 2042 382 2115 bundus,
404 2055 438 2100 ut
454 2060 575 2100 necesse
592 2043 626 2100 in
641 2042 851 2123 disputatione
870 2043 1026 2103 siderum:
1045 2057 1120 2103 nota
1139 2045 1240 2103 etiam
1262 2057 1299 2100 ut

239 2132 367 2190 AEneam
379 2149 483 2188 rernm
496 2131 639 2188 omnium
653 2132 876 2211 peritissimum
890 2131 983 2190 faciat¹
991 2155 999 2205 3
1015 2145 1045 2190 et
1056 2146 1215 2212 tanquam
1227 2152 1296 2188 ma-

239 2221 370 2299 gistrum
384 2240 390 2274 :
407 2218 520 2276 etenim
535 2219 682 2298 magistro
695 2217 868 2299 affiguntur
880 2218 1024 2300 discipuli
1038 2217 1076 2278 ad
1090 2217 1294 2278 discendum.

271 2306 346 2366 463.
361 2307 442 2364 Petit
455 2327 471 2363 a
483 2307 593 2379 Musis,
605 2306 686 2364 Deas
699 2304 749 2366 hic
761 2308 919 2379 nominat,
934 2321 971 2364 nt
983 2305 1122 2386 pandant
1133 2304 1295 2386 Helicona

163 2447 173 2470 ,.
239 2409 378 2456 montem
387 2416 394 2467 3
403 2395 595 2475 cantusipsae
604 2407 765 2467 moveant3
774 2395 1103 2454 utcanantexercitum
1112 2394 1295 2463 nauticum,

237 2485 293 2566 qui
313 2485 439 2542 AEneam
462 2483 603 2563 sequitur
617 2484 655 2542 ab
671 2485 796 2542 Etruria
810 2485 937 2542 armatis
955 2482 1084 2541 ratibus.
1104 2483 1180 2541 Haec
1201 2481 1293 2540 auxi·-

238 2572 281 2631 lia
294 2569 441 2630 describit
453 2584 484 2628 et
495 2564 794 2630 recensct'Excursus
806 2572 942 2652 primus,
956 2591 1026 2650 pag.
1044 2583 1093 2650 ¹9¹
1107 2569 1193 2643 ;'vol.
1207 2569 1265 2627 IV.

283 2660 347 2718 166.
361 2658 504 2738 Principe
516 2657 623 2716 locum
635 2659 804 2719 Massicum
817 2649 978 2734 numerat,
994 2659 1048 2740 qui
1059 2660 1163 2738 Tigri,
1177 2651 1295 2738 (navis-

238 2837 398 2910 generatim,
416 2853 504 2906 neque
523 2835 738 2890 determinandas
782 2859 847 2892 nare
861 2839 972 2907 dicitur,
986 2842 1065 2910 quem
1078 2841 1173 2910 Pegasi
1184 2827 1295 2908 ungula

240 2917 275 2969 ad
283 2936 338 2968 rem
345 2935 433 2968 unam.
446 2919 537 2986 Itaque
546 2915 656 2982 divitiae,
669 2916 739 2968 mili·
782 2919 924 2991 protulisse
932 2921 1030 2985 fertur,
1043 2922 1088 2990 qui
1097 2931 1213 2969 vocatur
1221 2919 1287 2988 Hip-

238 3011 292 3064 tes‚
305 2999 376 3070 agri,
386 2995 502 3067 oppida,
514 2996 636 3061 castella,
649 2997 740 3048 amici·
782 3017 908 3070 poerene.
920 3001 946 3052 S.
956 2999 1110 3051 —Pandite
1127 3017 1200 3049 nunc
1213 2988 1290 3048 Heli-

237 3081 293 3144 tiae,
305 3077 446 3140 clientelae,
465 3079 583 3141 favores,
597 3095 656 3148 opes
666 3089 736 3128 sunt·
783 3096 861 3142 cona,
874 3078 935 3129 deoe.
949 3081 1026 3130 Hom.
1039 3077 1121 3129 baim
1132 3075 1170 3130 niv
1181 3078 1288 3128 Moris-ai.

241 3159 328 3212 Cerdn.
337 3157 456 3208 -Fen'c
468 3157 556 3221 Facit,
568 3174 599 3206 ex
606 3173 680 3208 more
688 3157 739 3206 Ro·
783 3155 908 3221 Pandite,
922 3159 1024 3229 signate
1037 3169 1132 3228 poeta,
1147 3169 1179 3206 ut
1191 3158 1228 3220 is,
1241 3159 1289 3226 qui

238 3255 334 3301 muno,
344 3249 456 3306 propter
467 3247 591 3306 porcum,
602 3233 690 3305 quide
700 3235 738 3287 la·
783 3235 847 3287 velit
863 3253 920 3288 esse
937 3239 965 3286 in
983 3249 1086 3288 secreto
1103 3235 1234 3286 Helicone
1254 3234 1288 3285 ad

238 3315 738 3390 pideferitur.-LiberafatisExemp-
782 3315 925 3388 pangenda
944 3320 1076 3381 carmina,
1097 3334 1156 3386 qnae
1182 3333 1288 3366 «seces-

239 3411 268 3448 ta
281 3393 438 3445 necessitate
450 3395 540 3460 fatali,
554 3413 608 3465 qua
619 3413 738 3466 pugnare
784 3413 901 3463 cessum,
923 3410 949 3449 et
967 3400 1020 3450 otia
1042 3396 1199 3469 quaerunt.»
1223 3395 1287 3446 ideo

206 3547 208 3552 Ι
239 3494 294 3528 non
306 3484 426 3544 poterat,
444 3487 554 3544 propter
566 3474 646 3542 illud,
668 3499 680 3521 a
689 3477 740 3528 Ex·
783 3477 877 3529 Claud.
891 3478 969 3550 Rapt.
982 3481 1063 3544 1,25:
1080 3481 1155 3529 avus
1167 3467 1234 3528 mihi
1243 3471 1287 3528 sa'·

241 3569 330 3607 ternos
344 3563 434 3620 optate
445 3551 534 3604 duces.
546 3577 557 3600 n
572 3555 642 3606 Serv.
784 3571 890 3610 crurum
902 3559 1051 3630 penetralia
1060 3557 1173 3629 pandite
1183 3575 1286 3622 rerum,

280 3631 337 3686 163.
355 3629 491 3680 Helicona.
507 3633 650 3686 Parnassus
662 3652 738 3686 mons
783 3638 815 3688 Et
826 3641 907 3688 vestri
918 3652 1020 3690 secreta
1029 3637 1116 3709 poli.»
1138 3639 1174 3688 Et
1186 3639 1217 3688 in'
1232 3639 1285 3689 liu-

240 3708 739 3784 estThessaiiacjuxtaBoeotiam,quem
782 3709 1285 3788 fin.lib.1,23:«VespanditevatiPie

240 3795 329 3846 iocum
338 3788 482 3857 aliquando
491 3789 578 3842 dones
586 3807 737 3859 tenuerunt,
782 3795 872 3848 rides»
882 3819 891 3846 :v
899 3809 926 3848 et
936 3799 1036 3848 natat.
1050 3799 1096 3848 lib.
1110 3801 1134 3848 ΙΙ
1140 3839 1148 3864 ,
1157 3801 1185 3848 in
1197 3799 1282 3852 Ruiin.

241 3873 323 3944 quiin
336 3868 389 3918 duo
403 3864 511 3919 finditur
519 3871 597 3941 juga,
612 3870 738 3923 Cithaero-
786 3873 916 3926 «Pandite
933 3876 1073 3928 defensum
1087 3877 1202 3930 reduces
1214 3882 1283 3931 Heii·

240 3971 302 4004 nem
314 3947 418 4012 Liberi,
434 3960 459 3999 et
471 3949 625 4002 Heiiconenr
637 3953 739 4022 Apolli·
784 3971 853 4005 cona
869 3971 986 4020 sorores,
1005 3956 1128 4025 Pandite,
1144 3962 1282 4032 permissis

239 4033 281 4082 nis
295 4041 320 4082 et
332 4029 476 4080 Musarum.
489 4031 528 4079 Ex
540 4045 593 4097 qno
608 4030 669 4080 iona
681 4049 738 4081 ma·
782 4033 839 4102 jam
851 4033 914 4086 licet
926 4035 964 4086 ire
977 4025 1098 4087 chorios»
