2742 4596
214 281 277 350 380
301 299 308 310 ⁴
459 285 493 348 P.
516 281 750 348 VIRGlLll
774 282 1007 351 MARONIS

211 407 412 488 Tragicorum
422 407 529 481 etiam,
541 405 796 488 reliquorumque
806 408 1014 489 optimorum,
1024 417 1054 468 et
1063 407 1261 484 Graecorum,

212 507 241 552 et
250 497 433 556 Latinorum
444 509 605 578 poetarum
617 495 805 566 lustraverit,
818 495 954 577 indeque
964 500 1192 558 suavissimum
1198 495 1256 557 mel

211 580 395 658 confecerit,
407 584 544 642 dubitari
557 603 622 642 non
637 597 747 663 potest.
758 609 772 638 ιι
789 585 927 644 Nanuius
941 586 969 644 ll
981 585 1098 645 Miscel.
1115 609 1129 640 ιι
1141 586 1258 645 Graeco·

212 688 282 727 rum
297 660 432 730 fontium
447 671 552 730 latices
566 667 671 728 hausit
684 671 778 751 pleno
794 691 848 730 ore
859 671 1041 753 Virgilius„

250 794 370 854 Habuit
384 796 532 855 excellens
547 808 576 854 et
589 815 656 854 acre
670 796 833 856 Junrcruu.
848 796 948 877 Hujus
963 800 1097 872 virtutis,
1119 818 1190 880 quae
1207 795 1257 856 ad·

212 881 341 942 modum
358 886 526 944 necessaria
542 883 578 941 ad
600 885 726 964 poesin,
745 885 948 944 encomiastes
966 900 1010 945 est
1025 884 1259 962 Quintilianus,

214 974 267 1051 qui
282 969 412 1033 lib.Vlll
424 974 468 1032 ait
478 993 484 1031 ε
494 969 747 1054 Acerrimijudicii
756 975 791 1031 P.
804 971 953 1054 Virgilius.
964 976 1117 1033 Jovianus
1128 975 1161 1032 in
1174 973 1259 1031 Actio

212 1060 310 1120 multa
325 1062 506 1144 suppeditat
518 1063 557 1121 de
568 1060 688 1142 judicio
700 1061 870 1121 divini'viri
883 1065 916 1122 iu
929 1063 1101 1124 condendis
1113 1063 1260 1123 carmini·

212 1148 285 1226 bus,
298 1165 329 1210 ct
340 1151 500 1233 captandis
513 1150 678 1210 artificiose
691 1151 828 1210 auribus.
843 1153 892 1210 Ait
902 1156 1001 1227 euim,
1018 1179 1032 1209 ιι
1043 1151 1137 1215 condi
1150 1152 1190 1213 ab
1206 1150 1259 1211 illo

213 1259 318 1300 versus
330 1261 449 1322 graves,
463 1242 608 1316 selectos,
620 1261 803 1322 generosos,
813 1240 1044 1304 honestissimos
1052 1290 1060 1319 ‚
1068 1243 1135 1326 jam
1145 1243 1261 1324 magui-

212 1329 302 1406 ficos,
312 1332 377 1410 jam
391 1331 528 1408 sedatos,
541 1345 576 1392 ut
589 1351 635 1390 res
646 1330 840 1412 postulabat;
856 1329 1000 1394 habuisse
1013 1353 1102 1395 aures
1115 1352 1261 1393 consum·

210 1421 489 1496 matissimas‚non
505 1422 695 1501 ignoravisse
707 1441 779 1480 suas
795 1442 898 1480 aures:
915 1423 1054 1500 fluxisse,
1069 1443 1169 1506 quum
1183 1440 1261 1502 opus

210 1507 272 1567 fuit
282 1532 288 1566 ι
299 1510 484 1586 intonuisse,
494 1507 755 1591 superciliumque
767 1511 911 1585 erexisse,
922 1533 1019 1594 quum
1032 1533 1128 1592 opus:
1141 1526 1260 1592 tempe-

195 1586 326 1655 ³ravisse
335 1597 521 1656 celeritatem
533 1619 603 1656 cum
616 1596 779 1657 tarditate:
794 1599 951 1660 miscuisse
965 1599 1085 1660 vocales
1092 1597 1158 1681 jam
1172 1618 1260 1658 sono·

212 1703 276 1760 ras,
286 1682 351 1764 jam
368 1683 475 1760 exiles,
486 1686 553 1766 jam
566 1686 664 1746 claras
679 1707 749 1746 cum
765 1683 982 1748 subobscuris:
994 1687 1139 1748 babuisse
1156 1707 1260 1746 rerum

211 1784 241 1830 et
260 1772 424 1833 verborum
440 1773 592 1834 delectum
607 1773 834 1835 admirabilem.
845 1801 859 1832 ιι
881 1775 975 1836 Plura
990 1774 1037 1838 his
1051 1776 1113 1836 ille.
1131 1775 1210 1836 lude
1223 1773 1260 1833 ab

212 1861 373 1920 Lactantio
386 1861 435 1923 hic
446 1867 537 1922 Vates
550 1862 665 1923 dicitur
677 1862 732 1923 lib.
748 1865 786 1924 ll.
798 1866 867 1924 Div.
882 1865 955 1926 lnst.
967 1865 1110 1948 prudens:
1124 1878 1161 1926 ut
1175 1878 1207 1924 et
1221 1863 1259 1926 ab

213 1946 283 2007 aliis
298 1951 414 2010 multis.
433 1954 556 2011 Jovian.
572 1953 605 2012 in
625 1954 729 2013 Actio:
746 1978 759 2008 ιι
772 1955 808 2013 lu
823 1951 945 2014 delectu
962 1955 1146 2027 verborum,
1161 1974 1198 2012 ac
1214 1972 1258 2011 se·

213 2035 1259 2126 lectionejudicaripotestetstudiosusetprudens.»ScaligerlibV.
1350 2063 1351 2076 ³

216 2149 229 2180 ιι
240 2129 352 2187 Rerum
366 2153 493 2215 quoque
505 2134 660 2194 delectum
675 2133 827 2215 ejusmodi
842 2135 966 2211 habuit,
981 2155 1144 2218 equorum
1160 2132 1264 2215 splen-

212 2215 289 2278 dore
306 2218 480 2284 luculentus
499 2223 552 2284 ille
570 2226 655 2286 nitor
671 2228 735 2286 suis
750 2227 874 2308 scriptis
889 2224 1119 2307 adjungeretur.
1131 2249 1145 2280 ιι
1159 2221 1258 2282 Alibi:

214 2331 228 2361 ιι
239 2308 341 2370 Habet
352 2311 515 2374 lectissima
531 2315 624 2374 verba
639 2329 668 2375 et
679 2335 837 2376 numeros.
848 2341 862 2369 ιι
877 2315 923 2374 Ad
934 2313 1091 2396 judicium
1103 2313 1261 2395 pertinent

213 2395 306 2455 verba
315 2399 515 2462 istaauctoris
524 2403 596 2464 vitae
602 2403 800 2484 Virgilianae:
813 2403 935 2479 «Quum
943 2403 1095 2485 Georgica
1102 2400 1260 2470 scriberet,

214 2486 354 2566 quotidie
367 2491 532 2564 meditatos
547 2513 637 2552 mane
649 2493 801 2576 plurimos
816 2513 918 2552 versus
934 2492 1051 2553 dictare
1064 2491 1211 2564 solitum,
1226 2508 1261 2546 ac

213 2594 269 2653 per
280 2589 379 2636 totum
391 2579 474 2638 diem
487 2582 685 2642 retractando
697 2582 733 2642 ad
748 2583 951 2663 paucissimos
963 2579 1118 2662 redigere:
1131 2600 1198 2639 non
1210 2575 1261 2638 ab·
1349 2635 1350 2638 ,

170 2675 179 2690 ·
214 2661 305 2720 surde
320 2685 442 2726 carmen
458 2690 489 2728 se
511 2691 587 2731 ursae
601 2691 689 2730 more
707 2691 814 2753 parere
834 2669 958 2746 dicens,
973 2684 1003 2730 et
1021 2667 1191 2729 lambendo
1211 2665 1261 2724 de·
1349 2683 1350 2721 ι

215 2772 303 2812 mum
316 2754 473 2838 effingere.
485 2785 498 2816 ιι
514 2760 599 2820 ldem
611 2763 719 2822 scribit
730 2761 819 2840 (vide
831 2782 892 2843 qua
904 2759 1069 2822 sobrietate
1083 2759 1185 2818 voluit
1201 2777 1262 2817 car·

214 2863 285 2902 men
310 2846 464 2929 condere)
489 2851 569 2912 tradi
595 2873 611 2912 a
636 2852 825 2934 quibusdam
849 2851 1045 2933 diligentiam
1071 2848 1261 2930 singularem

214 2932 352 3013 Virgilii,
376 2936 533 3016 videlicet,
551 2944 638 3023 prius
655 2943 807 3021 integram
825 2940 985 3002 AEueidem
1005 2959 1097 3021 prosa
1119 2937 1262 2996 oratioue

214 3016 396 3100 formatam,
418 3026 629 3110 digestamque
650 3031 683 3088 iu
702 3028 790 3088 libris
808 3027 988 3103 duodecim,
1008 3047 1103 3108 quam
1124 3024 1262 3084 carmine
1348 3073 1349 3090 ,

214 3107 383 3172 conditam.
396 3117 504 3197 ltaque
519 3115 681 3176 adstrinxit
695 3116 898 3192 carminibus,
917 3137 985 3196 quse
1000 3115 1102 3175 soluta
1117 3113 1262 3174 oratione

213 3193 344 3274 fecerat,
368 3223 408 3260 ne
424 3203 500 3264 flatu
512 3225 640 3286 poeseos
656 3217 817 3286 raperetur
835 3207 867 3265 in
881 3204 999 3286 aliquid
1017 3203 1202 3285 iudignum,
1228 3221 1262 3260 ac

215 3285 321 3344 minus
335 3290 482 3368 prudens.
496 3295 587 3353 Recte
599 3313 673 3374 ergo
688 3293 836 3352 admonet
846 3293 1058 3369 Quintilianus
1073 3289 1128 3348 lib.
1142 3289 1171 3363 1,
1184 3308 1261 3368 opus

216 3392 279 3431 esse
298 3374 436 3438 firmiore
452 3381 572 3458 judicio
592 3383 629 3442 ad
650 3382 885 3464 intelligendam
905 3385 1049 3442 virtutem
1066 3379 1203 3460 Virgilii.
1224 3377 1263 3436 Et

215 3460 350 3521 Turneb.
370 3462 425 3522 lib.
441 3467 524 3528 XXll
539 3473 597 3546 ait,
616 3473 649 3530 in
663 3470 793 3552 Virgilio
809 3470 887 3530 nihil
903 3491 967 3531 esse
981 3471 1132 3542 otiosum,
1148 3481 1204 3527 aut
1219 3479 1262 3525 tc·

217 3554 384 3612 merarium
401 3575 408 3611 ε
430 3568 459 3614 et
474 3557 543 3618 ideo
558 3563 675 3643 requiri
691 3563 723 3622 in
738 3559 798 3622 boc
809 3574 877 3621 vate
890 3561 1036 3621 lectorem
1055 3580 1121 3619 non
1141 3556 1264 3640 expedi·

215 3651 299 3713 tum,
313 3651 342 3698 et
356 3663 526 3720 cursorem,
539 3647 589 3706 sed
606 3663 834 3723 cunctatorem,
847 3659 878 3708 et
891 3650 925 3708 in
937 3645 1066 3729 singulis
1081 3644 1260 3706 baerentem.
1346 3687 1347 3728 1

216 3729 287 3788 Pari
305 3725 408 3808 elogio
419 3731 560 3796 Velserus
577 3736 632 3796 lib.
647 3739 660 3796 1
675 3741 787 3798 Rerum
805 3739 986 3798 Boicarum:
1001 3761 1015 3791 ιι
1024 3734 1193 3815 Virgilius,
1212 3737 1260 3794 cui
1346 3735 1347 3762 ³

215 3815 340 3876 nullum
355 3829 468 3880 temere
480 3824 609 3884 verbum
624 3827 744 3888 excidit.
757 3855 770 3884 ι
785 3829 830 3886 Ειι
845 3825 906 3886 hoc
917 3839 981 3885 tam
997 3825 1058 3886 acri
1071 3823 1196 3904 judicio
1211 3843 1262 3905 op·

214 3905 291 3962 time
305 3902 382 3963 mibi
396 3905 519 3968 ridetur
530 3916 750 3994 pronuntiasse
762 3913 905 3996 Scaliger.
921 3938 935 3968 ιι
945 3913 1099 3997 Equidem
1112 3932 1213 3975 uuum
1226 3909 1263 3970 il-

213 3989 280 4056 lum
292 4011 403 4056 censeo
420 3997 642 4083 scivissefquid
656 4018 747 4082 esset,
761 4023 827 4066 uon
839 4004 982 4086 ineptue.
