2720 4588
315 313 830 394 {NAEnE-IDOSLIB.X1.
863 327 867 340 ¹
1032 357 1098 426 ut

86 433 158 496 581.
171 433 304 494 Cantata
313 431 463 497 hactenus
476 441 609 520 pueritia
621 441 774 520 Camillae,
786 443 850 525 jam
862 459 936 527 aetas
945 469 1092 534 sequens:

55 537 218 604 postquam
237 524 344 606 attigit
366 546 464 586 annos
485 522 676 608 pubertatis,
701 552 750 592 me
771 553 891 616 semper
911 539 1026 618 coluit,
1051 533 1095 606 ait
1125 535 1128 562 ³
1156 585 1158 597 ι

56 614 171 688 Diana;
191 613 253 674 tela
268 635 339 674 -mca
356 616 389 674 in
408 618 527 696 pretio,
544 631 573 676 et
589 613 798 700 virginitatem
812 622 940 703 habuit„
954 637 1095 712 quamvis

56 701 157 760 multae
169 715 284 762 matres
299 703 386 761 enixe
398 703 431 762 in
445 725 560 776 nurum
572 720 724 787 optarent.
740 708 834 770 Addit
846 715 929 788 Dea,
944 714 1048 780 dolere
1063 735 1095 780 se
1112 712 1128 728 ⁵

57 788 261 870 vehementer,
274 791 441 868 Camillam¹
450 792 698 874 flagrareamorc
708 785 801 873 belli,
814 802 898 880 quod
911 805 944 862 ni
958 805 1095 886 fecisset,
1125 806 1127 812 '

57 893 128 938 esset
141 879 253 960 procul
267 879 365 940 dubio
380 901 442 940 una
457 903 475 940 a
489 880 707 964 Nympharum
721 905 866 964 numero,
880 911 949 970 quae
960 895 1096 958 Dianam
1127 912 1131 922 “

58 969 271 1045 comitantur„
874 987 877 993 “
988 1036 991 1044 ,
1039 997 1041 1002 ·
1123 981 1128 996 ”

90 1053 159 1136 587.
173 1053 230 1113 Sed
244 1054 373 1136 quaudo
384 1075 468 1127 mors
482 1057 517 1116 in
528 1056 611 1118 bello
624 1055 684 1120 hoc
696 1060 834 1124 Camillae
846 1066 1018 1146 impendet,
1030 1093 1097 1132 non

57 1145 151 1230 segnis
164 1145 267 1224 Diana
280 1158 324 1204 est
338 1145 372 1202 in
386 1143 560 1230 ulciscenda
574 1168 629 1208 sua
640 1150 771 1230 virgine.
785 1153 890 1233 ltaque
901 1153 990 1234 jubet
1003 1159 1098 1240 Opim
1124 1169 1126 1175 ⁴

57 1231 237 1312 descendere
248 1234 285 1294 ad
299 1234 403 1294 locum
414 1233 487 1306 belli
497 1279 505 1310 ,
516 1239 626 1316 sagitta
638 1239 767 1315 tradita,
778 1263 839 1321 qua
849 1245 1101 1328 interemptorem
1125 1252 1127 1258 ’

60 1319 220 1397 conficiat,
237 1333 272 1380 ut
286 1324 311 1382 is
326 1322 391 1382 luat
405 1323 535 1406 proprio
552 1329 703 1406 sanguine
714 1330 971 1408 'pretiosissimam
986 1337 1099 1410 vitam,
1125 1335 1126 1338 ’

59 1412 117 1470 sive
127 1411 285 1490 Trojanus
297 1411 403 1488 fuerit,
417 1416 481 1474 sive
494 1413 600 1483 Italus,
613 1417 661 1476 An
673 1415 798 1478 violator
807 1422 883 1480 sacri
893 1429 1021 1505 corporis
1032 1428 1102 1508 (sig-

57 1515 125 1560 nata
138 1503 249 1582 omnia
261 1503 348 1580 sunt)
360 1505 489 1586 impune
503 1503 617 1572 abeat?
780 1565 782 1572 ,
1099 1501 1103 1516 ’

12 1589 13 1612 ¹
93 1589 161 1670 593.
178 1592 339 1666 Promittit
353 1613 469 1652 novam
482 1615 613 1674 operam
629 1595 663 1654 in
681 1589 796 1658 tuendo
811 1611 943 1664 mortuae
956 1622 1102 1684 corpore,

60 1677 143 1758 quod,
151 1691 273 1743 tectura
284 1671 332 1740 est
344 1679 443 1758 nube,
457 1692 487 1740 et
500 1675 642 1762 sepulcro
655 1683 813 1762 redditura
827 1709 889 1748 una
903 1708 976 1748 cum
989 1693 1101 1752 armis:

59 1767 214 1852 nonenim
225 1787 351 1848 passura
362 1782 421 1844 est,
431 1781 469 1828 ut
477 1768 515 1831 ab
523 1767 591 1832 ullo
602 1770 782 1832 mortalium
794 1773 952 1854 spolietur.
1029 1839 1031 1846 ,

12 1859 13 1866 ’
94 1855 162 1934 595.
180 1857 253 1916 Haec
266 1855 384 1930 Diana,
402 1871 433 1916 et
447 1857 525 1938 Opis
539 1857 644 1916 statim
660 1857 699 1917 ad
713 1855 789 1918 belli
805 1859 910 1930 locum
926 1863 1103 1941 descendit;

58 1942 108 2002 sed
123 1943 211 2026 nube
223 1945 281 2024 (pic
294 1943 394 2007 solent
408 1945 476 2024 Dii)
492 1958 588 2022 tecta,
605 1946 703 2006 immo
718 1950 802 2029 niqra
816 1948 944 2024 turbine5
958 1952 1050 2012 credo
1065 1953 1105 2014 ad

12 2027 13 2112 l
58 2028 244 2120 signandum
258 2045 366 2113 &mlum
384 2033 518 2108 irarum,
534 2054 608 2114 quas
623 2033 689 2114 jam
707 2034 783 2116 Opis
800 2053 981 2118 conceperat
995 2055 1104 2102 contra

12 2113 13 2190 l
57 2111 458 2200 interfectorem.Camillae,:
477 2120 566 2198 aliter
580 2121 737 2203 placidam
753 2122 870 2184 nubem
883 2141 976 2206 poeta
993 2127 1106 2190 descri-

12 2217 13 2284 ss
57 2208 163 2286 beret„
215 2235 331 2288 »,;;«
874 2265 877 2278 ·
919 2233 922 2238 '
1126 2216 1128 2224 ’

12 2289 13 2304 ’
96 2306 164 2385 597.
187 2305 332 2389 Principe
344 2305 413 2368 loco
428 2309 519 2390 ponit
529 2304 697 2389 Troianos,
711 2327 786 2372 ‚cum
797 2307 909 2387 quibus
918 2309 1053 2382 Etrusci,
1074 2323 1105 2368 et

59 2391 203 2469 Arcades,
209 2396 433 2476 quiturmatim
443 2395 484 2456 acl
494 2398 593 2466 aciem
603 2393 823 2475 procedebant.
836 2396 915 2476 Equi
931 2395 1106 2462 infremunt

12 2485 13 2490 ’
58 2489 85 2538 et
95 2481 261 2558 insultant,
273 2481 453 2564 bellu-mque
462 2494 629 2566 appetunt,
637 2503 672 2542 ac
681 2481 789 2542 dolent
799 2505 830 2542 se
839 2480 969 2552 habenis
980 2484 1106 2563 reprimi

12 2581 13 2584 ’
59 2580 85 2625 et
95 2569 266 2646 retardari,
278 2573 447 2655 prominus
460 2573 498 2632 ad
511 2570 628 2644 bellum
642 2583 729 2645 eant,
742 2571 883 2651 seque,in
897 2591 1023 2640 omnem
1037 2591 1107 2650 par-

59 2668 118 2716 tem
135 2657 326 2736 obvertunt,
341 2681 377 2724 ex
393 2662 509 2742 magno
529 2661 658 2741 spiritu,
673 2681 737 2742 quo
756 2657 915 2731 anhelant.
931 2661 1107 2725 Totaacics

58 2745 191 2828 Troiana
206 2747 370 2810 videbatur
380 2743 508 2816 horrere
521 2748 680 2810 hastarum
690 2749 798 2810 ferreis
812 2749 1109 2822 mucronibus,'noia

52 2835 146 2910 'aliter
156 2859 193 2898 ac
203 2839 296 2920 spicae
306 2840 339 2898 in
350 2859 425 2920 agro
436 2838 581 2910 horrent:
596 2841 689 2924 quin,
699 2838 793 2899 hastis
804 2833 909 2908 eiectis
919 2839 952 2896 in
963 2838 1108 2912 sublime,

58 2928 159 3008 campi
173 2925 361 2988 videbantur
371 2925 479 2988 ardere
488 2949 553 3010 prae
563 2927 871 3008 fulgorceuspidum.
1095 2941 1097 2946 '

95 3015 357 3076 603.-Poateriore
366 3015 437 3084 loco
448 3018 541 3098 ponit
551 3018 647 3078 aciem
660 3015 860 3085 Latinorum,
870 3011 926 3072 ubi
938 3012 1110 3091 Messapus,

58 3089 205 3181 Catillus,
214 3105 325 3194 Coras,
333 3105 480 3167 Camilla:
492 3104 545 3165 dat
554 3103 604 3165 his
614 3102 738 3180 eadem,
747 3123 815 3186 quae
826 3099 980 3178 Trojanis,
991 3102 1111 3160 etiamsi

92 3230 329 3298 SMJtitememta'
337 3231 565 3298 oolibluvlolaltt,
645 3233 706 3300 604.
728 3230 780 3289 Ala
802 3222 927 3280 Camilloe.
949 3224 1110 3307 Elluitatns:

58 3311 232 3382 incorrupta3
249 3324 384 3364 temerata²
402 3314 474 3365 enim
489 3325 564 3376 sunt,
610 3309 660 3362 alte
673 3322 761 3374 autem
772 3306 897 3356 dicuntur
910 3303 1027 3373 equites,
1039 3304 1113 3374 quod

59 3390 159 3460 quibus
174 3393 216 3444 vis
229 3391 312 3444 allata
325 3404 373 3444 cst.
386 3392 458 3454 Serv.
610 3387 713 3456 altrum
728 3385 786 3436 vice
801 3381 953 3454 pedestrem
968 3385 1110 3454 speretium

94 3471 156 3542 596,
177 3471 263 3544 Myro
282 3471 443 3524 cioeumdm
465 3472 565 3524 ruphine
609 3477 710 3536 tegunt.
728 3464 798 3514 Serv.
814 3489 847 3500 -
862 3461 948 3512 Docte
960 3474 994 3515 et
1009 3465 1111 3534 signate

60 3531 231 3624 oorpmJHw
243 3549 305 3616 ideo
318 3533 490 3622 quoniam'ad
500 3569 566 3613 moe-
610 3544 670 3596 ala:
689 3563 750 3608 nam
767 3541 824 3610 baec
836 3559 891 3592 vox
908 3543 1042 3594 sociorum
1059 3556 1112 3614 est⁷

61 3649 149 3684 rorem
161 3629 319 3702 luctumque
327 3628 478 3700 descendit.
496 3629 567 3682 Gon·
612 3637 638 3678 et
655 3623 822 3688 auxiliorum.
840 3624 961 3674 Romana
974 3622 1044 3694 legio
1057 3624 1113 3676 alas

63 3720 104 3771 tra
113 3711 143 3760 in
156 3723 254 3775 octavo
267 3709 371 3762 AEneid.
381 3707 522 3776 libro,ubi
532 3707 567 3760 ad
611 3722 667 3756 non
679 3701 787 3766 habuit,
809 3699 857 3752 sed
874 3701 978 3770 quoties
992 3699 1049 3768 haec
1063 3720 1115 3756 vox
1164 3731 1170 3743 ι

65 3788 184 3845 letitiam
207 3789 348 3844 descendit
368 3790 476 3855 Venus,¹
493 3788 567 3840 claro
613 3787 641 3836 in
649 3783 725 3836 Livio
735 3794 761 3834 et
771 3779 831 3832 eliis
842 3781 972 3844 occurrit,
983 3782 1115 3851 capienda

64 3887 123 3922 eam
129 3869 223 3923 nimbo
232 3867 427 3936 circumdatam
434 3868 499 3920 dicit
508 3889 514 3918 ι
523 3855 567 3930 ut,
607 3876 654 3932 ¹est
662 3861 695 3914 de
704 3859 807 3913 auxiliis
817 3861 924 3931 :itaque
934 3858 1012 3910 alarii
1018 3863 1116 3932 equites

68 3947 219 4002 uAtVenus
226 3947 350 4000 aetherios
360 3949 438 4016 inter,
443 3947 500 4002 Dea
508 3966 570 4006 can-
615 3955 677 3996 sunt
688 3941 820 3994 auxiliarii
830 3942 943 4012 equites.
956 3939 1044 4010 Docte·
1051 3959 1116 4014 ,vergo

65 4023 374 4098 didtt,nimbas.nServ.
616 4023 660 4076 alo
683 4020 812 4083 cominu,-
833 4039 895 4073 nam
916 4019 971 4072 lucc
992 4022 1067 4092 virgo
1089 4024 1116 4084 in

138 4134 164 4188 7,
907 4107 936 4159 n
