2742 4596
114 297 178 418 P.
216 297 634 422 VIRGILII
678 295 1014 430 MARON
1024 305 1106 426 IS

199 627 676 725 ruruarnsrus
713 633 1024 750 carious

541 947 683 960 .—

89 1131 154 1219 ΠΕ
177 1159 318 1242 antiquis
336 1159 462 1240 Virgilii
484 1155 705 1240 interpretibus
726 1157 906 1238 diligentius
930 1167 1020 1241 agere
1040 1183 1139 1242 quum

87 1247 335 1323 constituissem,
349 1248 443 1330 fregit
457 1251 626 1330 impetum,
642 1245 728 1330 quod
743 1248 918 1324 audieram,
930 1251 1014 1309 viros
1026 1248 1140 1328 doctis-

87 1335 185 1393 simos
208 1337 289 1396 inter
310 1336 419 1419 Belgas
440 1358 511 1397 curn
534 1338 669 1395 maxime
687 1356 760 1396 eum
776 1334 914 1417 lapidem
932 1335 1067 1397 volvere.
1094 1339 1139 1396 Ne

86 1445 217 1505 prorsus
229 1429 491 1509 exspectationem
502 1425 685 1502 destituam,
700 1427 831 1486 nomine
843 1423 967 1501 saltem,
981 1446 1050 1507 quae
1060 1424 1139 1508 mihi

87 1534 119 1574 se
132 1515 289 1594 obtulere,
304 1538 473 1602 apponam.

127 1601 236 1680 Quum
246 1605 284 1664 de
293 1617 487 1688 temporum,
498 1605 614 1686 quibus
623 1606 726 1664 vixere
737 1605 950 1680 Grammatici,
963 1605 1139 1670 rationibus

90 1713 205 1772 parum
220 1709 274 1755 aut
288 1695 370 1772 nibil
386 1707 523 1770 constet,
540 1695 580 1755 ad
597 1693 833 1778 alphabeticum
846 1695 990 1755 ordinem
1004 1715 1057 1755 eos
1073 1715 1140 1754 me·

90 1784 302 1862 morabimus3
325 1789 458 1846 omnino
476 1783 555 1844 illud
575 1783 713 1867 praefati,
735 1786 761 1843 si
785 1778 965 1865 diligentius
984 1785 1141 1865 inquiras,

88 1873 293 1951 paucissimos
305 1896 385 1951 esse,
399 1896 478 1958 quos
491 1873 563 1934 data
576 1893 671 1955 opera
686 1875 719 1932 in
732 1870 901 1954 Virgilium
913 1885 1140 1934 commentatos

88 1980 154 2022 esse
174 1977 304 2026 constet.
326 1966 471 2048 Plerique
492 1967 526 2026 iu
544 1963 661 2024 libellis
681 1965 744 2024 suis
760 1966 971 2045 grammaticis
988 1963 1083 2023 verba
1105 1982 1142 2022 ex

89 2049 223 2131 Virgilio
236 2051 404 2116 laudarent
416 2069 447 2116 et
460 2055 709 2129 illustraverant,
724 2053 806 2114 male
817 2067 946 2136 propter
957 2052 1024 2114 haec
1038 2053 1071 2111 in
1086 2073 1142 2116 nu·

89 2160 212 2204 merum
233 2144 526 2206 Commentatorum
546 2143 646 2207 relati.
670 2145 838 2210 Praeiverat
856 2145 889 2203 in
907 2145 1065 2225 plerisque
1084 2142 1140 2202 Ge.

88 2228 254 2292 Fabricius
264 2235 298 2292 in
310 2235 480 2296 ductorum
493 2255 511 2293 a
522 2234 627 2294 Servio
640 2231 842 2291 laudatorum
854 2231 1005 2311 Gatalogo
1020 2230 1140 2290 Servia-

90 2316 140 2376 nis
155 2319 294 2399 praefiro'.
306 2322 385 2382 ddd.
398 2325 566 2384 Burmann.
578 2321 640 2380 Sec.
650 2317 738 2400 pref.
749 2319 799 2398 (p.
813 2317 868 2397 39)
881 2329 912 2376 et
923 2316 1031 2376 Harles
1043 2316 1140 2375 Notit.

89 2402 149 2466 litt.
163 2409 254 2470 Rom.
267 2433 299 2493 p.
314 2411 382 2472 233.
587 2401 589 2404 ¹
630 2441 632 2446 ’

130 2498 247 2558 Parum
259 2499 367 2562 subtili
380 2500 499 2582 jndicio
512 2501 594 2559 inter
606 2495 835 2556 Grammaticos
850 2492 1028 2555 referuntur
1045 2494 1143 2552 Tucca

92 2597 123 2643 et
137 2587 168 2648 V
164 2589 258 2663 arios,
280 2591 372 2650 amici
385 2603 498 2671 poetae,
519 2587 632 2668 quibua
647 2585 811 2664 negotium
826 2583 864 2641 ab
879 2583 1019 2662 Augusto
1033 2577 1142 2642 datum

91 2695 159 2736 esse
175 2676 289 2756 femur,
306 2694 343 2742 ut
360 2677 520 2740 AEneidem
538 2675 752 2737 emendarent.
769 2673 840 2734 Vid.
859 2670 922 2753 Vvit.¹
942 2673 1028 2752 Virg.
1046 2670 1103 2730 sub
1119 2668 1142 2728 f.

93 2763 235 2825 Donatus
248 2768 284 2826 V.
300 2769 336 2826 V.
352 2768 376 2845 S.
394 2767 429 2827 52
443 2787 489 2846 sq.

131 2853 329 2924 Adamantius
343 2858 524 2936 Martyrios:
540 2873 603 2934 quo
613 2851 683 2934 jure
694 2852 775 2910 inter
785 2847 910 2929 Virgilii
921 2858 1146 2908 commentato·
1160 2893 1163 2896 .

94 2961 140 3002 res
152 2941 321 3021 habeatur,
336 2947 462 3026 ignor03
484 2964 574 3018 nam,
594 2963 663 3024 quae
676 2940 714 3000 de
726 2936 962 3020 Orthographia
976 2935 1059 3017 apud
1076 2936 1146 2994 Gas-

95 3030 258 3094 siodorum
273 3055 310 3117 err
321 3055 358 3102 co
373 3047 515 3115 excerpta
527 3045 615 3108 sunt,
628 3030 709 3092 nihil
722 3027 876 3112 ejusmodi
889 3025 1037 3110 produnt.

132 3121 289 3184 AEmr'lias:
310 3125 394 3206 apud
412 3126 568 3204 Pompon.
588 3125 657 3184 sab.
678 3121 718 3182 ad
738 3122 805 3180 AEn.
826 3121 885 3194 XI,
907 3117 981 3198 696,
1003 3115 1059 3176 ubi
1080 3113 1143 3173 vid.

95 3211 190 3274 verba
203 3214 236 3272 in
250 3214 285 3273 V.
300 3215 334 3273 L.
347 3209 433 3276 Nihil
446 3209 485 3274 de
497 3230 534 3270 eo
547 3209 818 3272 aliundeconstat·
982 3233 984 3236 ·

135 3289 323 3364 Alexander:
337 3304 369 3364 in.
384 3301 538 3366 Servienis
553 3298 593 3359 ad
607 3301 693 3376 Vlll,
710 3297 782 3373 330,
795 3297 849 3356 ubi
862 3293 984 3356 Servius
996 3295 1061 3375 ipse
1074 3306 1146 3351 oum

97 3391 184 3470 sequi
200 3389 332 3466 dicitur3
344 3389 430 3474 quod
444 3401 473 3452 et
488 3397 538 3470 ap:
554 3389 709 3471 Pompon.
722 3387 792 3448 sab.
805 3407 836 3466 p.
850 3385 909 3464 399
921 3397 997 3444 extr.
1012 3379 1148 3442 affirma·

97 3488 147 3537 tur
159 3476 197 3538 de
209 3479 266 3553 Vl,
290 3499 354 3543 roo.
374 3477 453 3540 Add.
469 3499 518 3558 ap.
532 3477 626 3542 eund.
642 3499 672 3559 p.
686 3477 744 3555 393
758 3487 832 3536 extr.
845 3494 876 3554 p.
889 3469 963 3548 duo,
979 3468 1053 3546 dor,
1072 3466 1146 3544 doe,

96 3563 165 3641 laod·
185 3567 267 3630 Male
282 3568 321 3630 de
334 3565 510 3631 Alexandro
526 3565 720 3647 Polyhistore
734 3563 874 3642 cogitent
886 3561 944 3622 viri
957 3559 1052 3620 clooti.
1071 3559 1147 3618 Pro-

96 3653 236 3718 babilius
247 3669 307 3730 est,
317 3655 411 3716 fuisse
420 3677 507 3730 eum,
519 3674 612 3735 quem
622 3654 711 3712 Maro
721 3671 853 3733 puerum
864 3669 996 3722 amasse,
1008 3661 1038 3708 et
1048 3667 1149 3728 gram-

98 3746 248 3806 maticum
262 3743 413 3806 dimisisse
424 3757 569 3806 narratur
583 3744 616 3802 in
628 3742 745 3802 Donati
757 3741 829 3800 Vita
838 3741 875 3800 V.
888 3738 917 3818 §-
931 3759 969 3798 20
974 3783 983 3811 ,
1000 3757 1048 3796 αι.

138 3834 172 3894 L.
192 3833 325 3894 Annam
344 3833 500 3906 Cornutus,
522 3830 687 3911 aliquoties
704 3838 897 3888 memoratur
910 3823 995 3906 apud
1011 3824 1092 3884 Serv.
1109 3822 1150 3882 ad
1213 3853 1215 3862 ν

99 3922 209 3997 AEml,
229 3919 283 3997 45,
302 3920 466 3998 150,488;
485 3918 617 3996 1x‚348
637 3932 667 3980 et
683 3919 758 4001 675,
774 3930 805 3978 et
822 3915 861 3976 ad
878 3916 933 3976 Ge.
953 3917 982 3988 l,
1002 3933 1074 3996 277,
1093 3909 1150 3972 ubi

99 4022 182 4076 recte
194 4007 247 4074 ille
260 4023 360 4091 vetat,
379 4021 488 4076 contra
501 4007 656 4090 Probum,
672 4007 896 4092 aspirationem
908 4003 942 4070 in
957 4003 1049 4084 Oreus
1061 3998 1152 4076 addi,
1180 4009 1199 4031 ··
