2704 4582
231 289 290 352 128
359 355 361 365 ,
552 283 944 354 couuuuramr
982 239 985 246 Δ

225 422 278 470 aut
295 408 439 468 fractum.
461 407 555 466 Poeta
575 406 736 486 inmeritus
753 406 860 470 flueret
877 410 945 469 istis
964 408 1146 473 effectibus:
1172 423 1203 474 tu
1223 413 1284 476 iux

225 497 299 584 mihi
305 542 315 571 ,
330 509 360 556 tu
371 492 471 556 oculus
481 496 647 567 senectutis,
665 508 695 554 tu
705 498 797 556 oetutis
809 515 879 556 meu
890 502 959 579 ὅρκος
965 542 975 571 ,
990 511 1025 558 ut
1036 497 1182 582 loquitur
1194 522 1283 584 saepe

225 585 394 658 Homerus,
416 596 447 642 tu
457 581 597 642 debuisses
609 581 683 642 milti
697 581 794 645 ocules
805 581 959 660 claudere,
979 600 1010 646 et
1025 587 1202 650 similibus:
1221 591 1282 650 ced

225 675 277 734 isti
290 672 420 732 affectus
431 669 540 730 decent
549 670 749 746 Evandrum,
764 686 819 732 aut
829 687 960 734 matrem
971 673 1114 757 Eurycli3
1131 699 1198 738 neu
1211 679 1283 738 Me-

225 763 361 822 zentium
378 759 478 822 ferum
501 774 528 818 et
546 757 723 820 barbarum.
745 759 900 822 Adscribit
918 760 978 822 sibi
1002 765 1036 823 iu
1057 767 1161 846 primo
1183 785 1302 826 versu·

226 852 337 910 vitium
356 847 476 927 (Greci
492 845 599 906 dicunt
614 849 791 927 φιλοψυχίαν)
809 849 1069 912 mollissimorum
1085 852 1281 930 huminum,

227 942 281 1021 qui
298 935 415 998 hahent
427 934 598 998 retinenda
610 937 681 998 vitae
698 937 769 1018 plus
782 935 868 1018 justu
885 940 1099 1021 cupiditatem.
1114 943 1282 1003 Secundus

226 1047 331 1088 versus
346 1025 470 1106 respicit
486 1022 564 1084 illud
581 1024 620 1082 de
636 1025 755 1100 Lauso,
773 1029 874 1086 AEneoe
888 1027 978 1089 subiit
991 1049 1159 1090 miurunem
1167 1054 1180 1104 ,·
1201 1048 1281 1090 nem

225 1111 357 1190 honest,
374 1111 471 1173 hostili
483 1111 589 1172 dextre
603 1111 758 1172 succedere.
779 1115 815 1173 ln
831 1117 923 1174 tertio
940 1137 1052 1197 magna
1068 1120 1282 1200 cumquesti03

227 1207 320 1288 Quem
330 1206 443 1285 qenur'i
461 1202 551 1282 quasi
568 1198 631 1259 hoc
643 1219 761 1260 uorum
774 1223 781 1258 :
796 1216 901 1282 patres
914 1206 997 1264 euim
1010 1207 1180 1287 scepiseime
1195 1207 1283 1286 peri·

226 1295 331 1356 culum
343 1297 414 1354 vitae
427 1290 568 1350 adierunt
579 1311 637 1370 pro
654 1289 778 1365 liberis,
792 1294 912 1352 nonita
928 1293 1019 1353 liberi
1034 1316 1092 1376 pru
1108 1293 1280 1377 patribus:

227 1399 258 1445 et
268 1385 340 1444 ideo
353 1382 455 1464 pergit
470 1381 538 1458 pari
551 1377 775 1450 admiratione,
791 1391 878 1438 usaue
891 1379 952 1442 iroec
965 1384 1080 1462 uertitur
1090 1403 1143 1463 per
1154 1377 1283 1442 uulnera

226 1494 321 1536 servor
333 1484 423 1530 morte
440 1481 489 1528 tua
501 1467 620 1526 vivens?
639 1469 727 1548 quusi
744 1465 804 1528 hoc
820 1487 891 1528 raro
906 1471 1016 1529 visum.
1038 1473 1078 1530 Et
1093 1484 1171 1530 nuta
1188 1473 1282 1529 varia

224 1569 292 1626 πάθη
303 1584 309 1620 :
322 1579 395 1620 nam
407 1556 467 1616 hcec
476 1557 621 1632 δεικτικῶς,
637 1568 668 1614 et
674 1553 794 1618 vulnera
804 1555 844 1616 ad
855 1557 1005 1618 invidiam
1014 1559 1132 1633 AEneae3
1142 1561 1281 1618 unicum

227 1652 312 1711 enim
324 1659 445 1708 tantum
462 1644 576 1704 vulnus
588 1658 671 1704 erat:
687 1643 775 1704 addit
787 1647 881 1705 etiam
890 1690 899 1720 ‚
908 1673 910 1678 ·
919 1645 976 1707 heu
991 1649 1093 1707 misero
1105 1643 1183 1706 miti
1189 1693 1199 1721 ,
1218 1662 1280 1707 ete.

227 1737 317 1820 quasi
324 1735 422 1805 dicat3
432 1729 556 1792 nullum
567 1751 630 1792 esse
640 1732 788 1812 putabam
798 1733 986 1794 meumclim
996 1733 1138 1809 erilium3
1148 1733 1280 1795 nullum

226 1847 311 1886 nunc
325 1823 439 1884 vulnus
454 1818 493 1880 ah
505 1821 600 1880 AEnea
611 1836 792 1902 acceptum:
809 1836 856 1898 at,
872 1838 903 1884 te
914 1838 1057 1900 mortuo,
1068 1823 1133 1905 jam
1145 1825 1279 1885 erilium

137 1977 139 1983 ,
225 1914 304 1975 mihi
317 1909 417 1972 visum
430 1907 608 1991 estt'ufeli13
622 1909 688 1990 jam
700 1909 804 1972 uuitrus
815 1911 874 1973 uite
884 1912 1022 1975 ducum
1029 1959 1039 1988 ,
1055 1932 1153 1995 quum
1169 1928 1279 1974 tamen

227 2004 343 2066 lethale
357 2021 423 2062 nun
435 2000 539 2060 fuerit.

276 2093 345 2156 851.
364 2091 474 2152 Doiuit
492 2088 641 2150 hactenus
658 2105 791 2151 mortem
810 2091 885 2166 filiu
907 2113 991 2152 nune
1005 2091 1070 2173 jum
1091 2092 1278 2166 infamiam,

228 2203 322 2267 quam
335 2179 402 2240 filio
417 2179 561 2260 aspersit,
581 2181 666 2258 quasi
683 2177 749 2240 heac
762 2182 886 2260 gravior
902 2181 988 2240 omui
1002 2192 1120 2238 morte:
1135 2199 1207 2240 *meu
1220 2182 1279 2239 cri·

227 2275 305 2334 mine
322 2285 402 2334 tuum
418 2289 525 2329 neuun
541 2267 703 2342 maculavi,
720 2271 794 2350 quia
807 2283 932 2350 patrum
949 2271 1079 2328 crimina
1097 2267 1280 2328 redundant

227 2366 262 2424 in
273 2362 371 2436 fili0s3
386 2374 417 2419 et
431 2360 505 2440 quia
522 2357 641 2418 dixerat
654 2379 716 2418 mec
729 2361 866 2431 crimine,
884 2357 970 2417 addit
984 2360 1160 2438 corrigens,
1174 2356 1279 2439 puistts

228 2453 263 2516 ub
274 2451 423 2514 iuvidiam.
437 2449 494 2509 Sed
505 2449 609 2508 statim
619 2446 699 2506 redit
709 2447 748 2505 ud
759 2448 842 2506 viam
853 2445 984 2521 doloris,
995 2447 1163 2527 quamsit,
1174 2445 1279 2506 debue-

227 2563 291 2601 ram
302 2542 403 2621 petrice
414 2537 528 2618 paenas,
544 2549 620 2608 etc,
636 2537 723 2614 quasi
737 2534 836 2610 dicat3
852 2534 1003 2616 quicquid
1018 2537 1056 2594 sit
1073 2535 1111 2595 de
1129 2555 1202 2594 meo
1219 2538 1281 2594 cri-

228 2632 329 2702 mine,
345 2645 509 2699 verumne,
523 2643 564 2682 an
576 2621 706 2696 falsum
722 2624 773 2684 sed
786 2639 868 2684 certe
879 2645 937 2705 ego
948 2624 1101 2685 debueram
1114 2645 1216 2706 poenus
1226 2645 1279 2705 pu·

229 2720 291 2780 trite
301 2729 330 2776 et
339 2713 412 2774 odiis
423 2731 570 2784 meorum,
583 2731 647 2771 nun
657 2727 709 2784 tu,
722 2733 741 2771 ο
753 2716 861 2773 Lause.
881 2716 990 2773 Omnes
1000 2733 1052 2794 per
1061 2727 1182 2787 mortes,
1198 2727 1278 2786 utu,

229 2806 262 2865 id
272 2815 330 2878 est,
342 2802 464 2860 utinam
475 2811 616 2879 expertus
626 2819 722 2858 essem
735 2816 850 2860 mortes
862 2821 984 2876 omnes,
997 2803 1180 2882 priusquam
1188 2813 1279 2858 tuam

228 2909 403 2954 censerem:
420 2887 506 2968 atqui
518 2907 590 2947 meu
602 2887 686 2948 maio
696 2888 762 2948 fato
773 2911 853 2950 nunc
862 2892 944 2962 uiuo,
956 2887 1114 2949 neeudhuc
1126 2887 1278 2962 homines,

229 2979 377 3061 lucemque
388 2973 539 3056 relinquo:
554 2997 584 3034 se
597 2995 670 3035 mox
682 2976 721 3035 ad
735 2991 867 3037 mortem
883 2975 1003 3052 firmat,
1017 2975 1066 3036 sed
1078 2973 1222 3058 linquam.

268 3068 334 3128 855.
348 3067 425 3144 Quae
436 3085 511 3124 voce
521 3063 640 3124 dixerat
646 3111 654 3141 ,
667 3065 833 3126 confirmat
842 3064 949 3143 factis,
965 3067 1127 3148 pergitque
1139 3061 1178 3122 ad
1193 3083 1278 3122 mor·

228 3173 308 3230 tcm3
325 3169 356 3216 et
365 3155 435 3214 ideo
445 3151 556 3226 ,attollit
565 3174 593 3212 se
607 3155 638 3212 in
649 3175 761 3236 aeqrum
767 3157 884 3238 femur,
905 3176 961 3215 nec
974 3153 1116 3214 tardatur
1128 3151 1278 3226 vulnere,

229 3246 314 3328 quod
327 3243 439 3316 altum,
454 3263 511 3301 nec
526 3243 666 3300 animum
680 3241 801 3324 dejicit:
822 3245 928 3324 itaque
945 3263 1045 3324 nequa
1063 3260 1195 3323 corpore
1215 3253 1278 3319 est,

228 3350 332 3412 neque
347 3330 453 3386 animo
468 3328 625 3410 dejectus:
645 3347 718 3411 ergo
733 3327 825 3410 jubet
840 3330 908 3392 disci
918 3352 1022 3412 equum
1038 3328 1077 3388 ad
1094 3349 1142 3402 se,
1161 3329 1216 3407 qui
1231 3325 1281 3386 itti

229 3419 407 3490 decesserat,
428 3430 457 3476 et
473 3415 603 3478 solamen
609 3443 621 3492 ‚·
642 3421 717 3501 quia
735 3418 815 3480 bellis
832 3418 886 3482 huc
902 3423 994 3480 uictor
1006 3417 1107 3479 abibat
1121 3414 1278 3477 omuibus:

126 3519 130 3528 '
229 3508 314 3570 hunc
332 3507 437 3586 itaque
458 3521 637 3583 merentem,
659 3509 731 3570 vida
748 3515 843 3588 citou
867 3511 933 3591 ipae
953 3507 1115 3590 adloquitur
1132 3504 1220 3565 hunc
1240 3505 1276 3562 im

229 3596 370 3658 mudum.
1004 3619 1009 3632 ·

264 3755 324 3810 858.
337 3753 418 3806 Haud
429 3753 545 3826 dejectus..
565 3757 626 3810 Nun
639 3757 726 3827 dejeu·
771 3761 967 3824 emicuerat,
985 3775 1039 3810 nun
1057 3755 1144 3808 sulum
1154 3755 1272 3827 surum:

228 3852 270 3900 tus
281 3838 378 3889 animo.
389 3835 415 3886 S.
425 3835 522 3888 -Hee
529 3836 604 3890 decus
611 3837 653 3889 illi
659 3875 667 3903 ,
677 3849 724 3890 etc.
771 3855 850 3910 quem
860 3839 940 3892 stium
948 3837 1053 3890 fidelem
1062 3835 1180 3908 agnovit,
1189 3847 1273 3904 quum

228 3917 726 3990 Majoreaffectuquumcurudesipa·
769 3929 916 3970 moerentem
928 3918 1002 3970 duit.
1021 3917 1116 3988 θοῶς.
1130 3917 1180 3980 111,
1198 3913 1223 3964 3.
1240 3912 1271 3962 Τ.

228 4001 266 4052 vit
279 4014 377 4067 equum
391 3996 526 4056 Mesenen
541 4010 570 4047 ut
584 4009 610 4048 et
616 3997 724 4068 sedicem
806 3995 1274 4072 860.Adlcquitssrmureutem.'1*ris·
