2742 4596
233 330 299 414 dt'JO
596 317 660 383 na
682 319 913 384 vinetum

233 453 364 516 vardensi
373 445 509 538 moderes,
521 453 572 510 'suo
582 449 698 527 proprio
710 449 794 529 sique
805 446 1005 528 commitendo
1009 446 1139 530 feliciter
1146 467 1283 508 consum-

233 545 325 602 munit
343 557 425 599 m
438 537 646 596 incantationis
660 534 813 595 dominico
832 534 921 618 1475,
936 541 1040 596 monis
1057 539 1222 598 novembris
1239 536 1285 595 die

232 624 541 693 decimanumvid.
552 623 592 683 ad
601 645 629 684 a.
640 638 724 706 sequ.
735 626 841 704 (Nunc
851 627 979 686 Panner.
989 623 1099 704 vnit,
1110 649 1141 710 p.
1154 627 1228 702 512,
1240 627 1282 704 8).

713 771 798 855 1475.

249 925 254 932 ’
272 931 307 988 P.
323 931 359 992 V.
373 929 418 988 M.
433 927 677 1008 Operaomm'aet
687 921 859 1007 opmcula...
870 921 1022 1006 diliqenter
1032 923 1186 984 emendata
1199 935 1228 985 et
1240 942 1286 982 ac·

232 1031 330 1078 curate
349 1019 484 1098 impressa
500 1025 567 1074 sunt
580 1011 754 1072 Mediolani
774 1015 811 1070 a'b
827 1014 899 1074 Ant.
918 1013 1030 1072 Zamu-
1042 1013 1196 1075 Parmensi
1213 1007 1286 1068 Xlll

233 1107 300 1166 llal.
315 1107 433 1168 Octobr
436 1143 1114 1166 ...................................
1121 1101 1177 1162 fot.
1198 1098 1284 1180 1476.

271 1197 370 1254 Maitt.
381 1195 415 1252 Τ.
429 1193 455 1265 Ι,
469 1213 538 1274 pag,
554 1191 621 1253 366.
636 1193 711 1251 Saxe
723 1213 754 1274 p.
769 1190 838 1252 566.
848 1191 903 1250 Est
914 1193 1045 1272 repetita
1058 1193 1133 1250 anni
1147 1190 1286 1271 superio-

230 1284 271 1342 rls
286 1283 392 1342 editio.
406 1279 537 1341 Videtur
558 1292 589 1340 et
606 1278 671 1339 haec
692 1293 722 1339 et
741 1278 797 1338 illa
816 1277 858 1338 ad
877 1280 1055 1362 exemplum
1075 1279 1285 1362 Lavagnianae

120 1383 123 1390 '
236 1369 310 1456 1474
326 1389 464 1454 expressa
476 1375 559 1431 'e'sse'
576 1373 759 1450 inutraque
775 1377 860 1430 'certe
876 1372 959 1430 Ciris'
970 1372 1102 1432 omissa.
1113 1368 1283 1430 Fontanin.

233 1465 309 1522 Hist.
325 1459 377 1522 tm.
390 1457 517 1542 Aquilei.
531 1457 663 1541 71117740.
677 1458 748 1518 Non
763 1455 919 1518 diversam
933 1459 971 1517 ab
983 1457 1041 1521 hac
1056 1479 1118 1518 esse
1130 1472 1209 1540 puto
1221 1453 1286 1514 Me-

234 1547 448 1612 diolanensem
464 1569 492 1609 a.
516 1547 678 1631 1475011111
702 1549 823 1622 Servio,
839 1569 932 1630 quam
955 1547 990 1607 de
1007 1551 1086 1608 Bure
1107 1547 1234 1606 notavit
1253 1545 1285 1602 in

237 1639 395 1724 Cataloque
407 1640 447 1700 du
458 1637 514 1698 duc
525 1637 560 1697 de
571 1639 615 1698 La
627 1639 658 1700 V
654 1635 753 1697 attere
765 1639 800 1696 P.
813 1635 842 1714 l,
851 1639 885 1696 T.
897 1637 941 1714 ll,
953 1659 985 1720 p.
996 1635 1044 1712 84.

272 1731 308 1790 Ρ.
326 1729 362 1794 V.
377 1732 423 1790 M.
440 1730 535 1810 Opera
554 1747 625 1786 cum
646 1725 810 1788 Catalectis
828 1740 857 1786 et
873 1727 1054 1810 Priapeiis...
1072 1747 1124 1814 per
1137 1728 1286 1786 Joannem

232 1820 267 1880 de
279 1821 404 1882 Vienna.
413 1817 635 1875 Vincentius...
647 1853 996 1874 ..................
1009 1823 1016 1873 ’.
1028 1855 1115 1873 .....
1122 1811 1178 1872 ΙοΙ.
1199 1809 1284 1893 1476.

251 1929 255 1938 ·
273 1905 376 1968 Maitt.
387 1904 467 1970 ibid.
484 1917 554 1986 post
572 1902 749 1963 Orland'nm
763 1927 794 1986 p.
814 1903 884 1986 174,
899 1905 954 1984 qui
968 1903 1145 1965 charactere
1161 1901 1286 1962 nitidis·
1356 1965 1357 1974 ¹

232 1998 312 2056 simo
323 1988 496 2076 expressam
507 2011 570 2054 esse
580 2008 650 2050 eam
663 1989 836 2052 editionem
844 2004 983 2074 testatur.
992 1991 1070 2074 Adnd.
1081 1987 1284 2050 Panzer.Vol.
1356 1979 1357 2030 l

233 2085 291 2158 ΙΙΙ,
328 2088 450 2158 .51o,1
477 2127 484 2142 .

276 2103 417 2237 Vinetam
437 2104 531 2252 hiijus
550 2172 625 2230 anni
644 2165 755 2232 laudat
772 2171 926 2231 Martinus
944 2170 982 2230 ad
1002 2171 1116 2252 Georg.
1130 2169 1191 2244 ΙΙΙ,
1209 2166 1284 2244 468,

234 2281 304 2346 quae
322 2263 403 2323 forte
424 2261 533 2322 eadem
552 2275 600 2321 est
618 2281 691 2323 cum
701 2263 820 2322 Veneta
841 2261 1009 2344 superioris
1027 2263 1117 2338 anni,
1130 2276 1186 2322 aut
1203 2279 1286 2342 repe·

233 2357 291 2414 tita
304 2355 347 2414 est
360 2351 422 2413 hoc
437 2373 522 2412 anno
537 2353 635 2412 editio
650 2371 707 2433 per
720 2353 786 2413 Nic.
801 2355 931 2412 Jenson.
944 2351 1032 2433 quod
1044 2351 1157 2432 colligo
1172 2370 1189 2409 e
1204 2362 1284 2409 cata-

233 2444 308 2526 logo
323 2443 566 2504 Constantiensi.
581 2441 761 2502 Editionem
776 2440 914 2522 ejusdem
929 2443 1005 2502 anni
1019 2441 1208 2502 consuluisse
1225 2437 1285 2498 fer·

233 2549 286 2594 tur
302 2531 555 2613 Cuninghamus‚
570 2543 646 2592 teste
664 2531 748 2591 Edit.
766 2531 940 2614 Edinburg.
956 2531 1045 2613 prael.
1065 2533 1127 2592 Nec
1146 2531 1285 2590 Panzero

233 2621 326 2706 plura
338 2623 519 2682 innotuere:
533 2620 604 2680 Vol.
619 2621 681 2697 ΙΙΙ,
695 2644 727 2704 p.
744 2643 814 2695 121,
834 2621 898 2682 163.

249 2703 252 2712 ¹
276 2711 306 2772 V
305 2707 393 2791 injitii
403 2711 511 2791 Opera,
522 2709 640 2787 (verius
651 2721 774 2768 tantum
786 2709 887 2770 AEneis
898 2707 929 2768 lt.
941 2711 985 2788 a.)
994 2707 1127 2770 Lovanii
1137 2729 1189 2790 per
1196 2709 1283 2770 Joan.

234 2797 465 2860 dePaderbome
477 2801 509 2858 in
518 2796 673 2883 Westsalia
675 2840 958 2858 ...............
967 2817 972 2826 ’
971 2842 1118 2858 ........
1124 2797 1182 2859 fol.
1200 2791 1285 2878 1476.

272 2885 362 2949 Hanc
382 2907 540 2967 nusquam
559 2886 636 2948 alibi
655 2885 777 2947 laudari
798 2885 938 2946 videram
959 2899 1167 2970 praeterquam
1189 2886 1224 2946 in
1242 2885 1285 2944 Bi·

232 2975 344 3038 blioth.
362 2975 529 3036 Harleiana
540 2978 574 3034 T.
590 2977 619 3052 1,
636 2997 708 3058 pag.
726 2978 791 3058 176.
810 2975 856 3036 Ab
875 2997 912 3037 eo
930 2990 1071 3058 tempore
1089 2975 1204 3036 notitia
1223 2972 1284 3056 ejus

232 3067 379 3129 editionis
392 3063 514 3146 plenior
527 3065 600 3125 data
613 3079 658 3125 est
667 3065 902 3148 Programmate
914 3067 1086 3128 Academia
1097 3065 1285 3126 Kiloniensis

236 3159 326 3240 1785,
340 3154 424 3216 unde
438 3154 552 3214 discere
571 3153 642 3214 licet
659 3176 745 3216 anuo
760 3157 936 3240 superiore,
956 3153 1045 3240 1475,
1059 3155 1214 3238 prodiisse
1228 3158 1283 3216 Bu·

233 3247 330 3306 colica
345 3257 375 3302 et
388 3243 556 3324 Georgica,
571 3242 654 3322 (vid.
670 3241 780 3326 paullo
793 3245 883 3324 ante)
896 3243 956 3305 hoc
966 3267 1050 3306 anno
1061 3244 1222 3304 AEneidem
1232 3263 1284 3326 per

233 3335 389 3392 loannem
404 3329 439 3389 de
452 3325 638 3390 Puderborne
649 3332 683 3396 in
694 3330 852 3392 Westfalia
865 3335 970 3392 mensis
978 3330 1089 3416 Aprilis
1105 3332 1151 3392 die
1167 3346 1283 3392 octava.-

233 3419 289 3480 fol.
311 3420 388 3477 min.
407 3418 575 3499 Exemplar
593 3421 757 3502 utriusque
776 3417 891 3480 codicis
912 3422 1010 3480 estin
1031 3421 1129 3502 copiis
1150 3419 1283 3480 librariis

233 3505 402 3569 Christiani
413 3505 601 3566 Professoris
612 3521 641 3567 et
651 3510 726 3590 Regi
739 3511 848 3568 [laniae
861 3529 878 3568 a
889 3507 1007 3568 Consil.
1019 3509 1038 3567 J
1041 3509 1162 3568 ustitiae.
1176 3507 1284 3566 Audie-

233 3613 301 3656 ram
316 3595 350 3652 in
362 3592 551 3654 bibliotheca
561 3595 692 3657 Comitis
707 3597 741 3657 de
756 3599 962 3658 TottHauniae
973 3597 1103 3657 eandem
1114 3595 1281 3656 editionem

232 3683 361 3756 servari3
373 3701 409 3740 cx
421 3681 531 3742 eodem
543 3696 648 3745 tamen
661 3687 896 3767 programmate
911 3685 1006 3746 didici
1021 3685 1106 3744 hand
1120 3707 1192 3744 vera
1206 3683 1282 3744 mihi
1354 3677 1355 3682 ἵ

233 3791 300 3832 esse
313 3771 456 3832 nuntiata
467 3793 474 3830 ε
485 3771 559 3832 Vidi
574 3787 678 3834 tamen
697 3791 806 3858 postea
826 3777 858 3834 in
874 3775 1022 3858 Cotalogo
1037 3769 1185 3834 biblioth.
1201 3773 1280 3836 Tott.

231 3859 321 3920 romu
332 3857 402 3932 Vll,
418 3879 448 3940 p.
465 3859 518 3940 87,
537 3881 606 3920 eam
621 3879 827 3924 memoratam
844 3859 960 3923 esse'in
979 3883 1118 3924 recensu.
1140 3863 1281 3923 Ceterum

233 3947 393 4034 Georgicis
405 3947 541 4028 subjecta
553 3965 641 4011 sunt:
660 3955 748 4036 Capu.
761 3954 816 4015 Est
824 3965 853 4015 et
862 3975 924 4015 non
933 3968 981 4015 est.
992 3955 1037 4014 De
1048 3955 1228 4018 institutione
1237 3951 1282 4013 bo·

233 4041 339 4102 ninirt'.
351 4036 477 4100 Dormis
489 4041 680 4104 nascentibus.
694 4047 858 4121 Moretum,
872 4057 901 4106 et
911 4045 946 4106 in
956 4065 1026 4127 pag.
1040 4055 1114 4104 extr.
1130 4043 1281 4103 variantes
1353 4067 1354 4084 1
