2720 4588
333 278 385 340 IN
408 277 644 344 AENEIDOS
668 279 761 342 LIB.
786 281 873 344 XII.

1062 283 1121 350 251

17 479 18 482 Ἴ
121 401 191 460 86ι.
208 403 251 460 Ut
260 401 398 481 primum
412 398 492 460 lucia
505 413 601 460 terras
616 402 735 482 attigit,
750 405 894 484 stetitque
906 426 922 465 e
936 407 1063 487 regione
1078 428 1128 488 ag-

17 483 18 488 '
84 488 178 548 minis
192 488 307 560 Turni,
323 487 450 569 collegit
466 501 584 546 vastam
599 488 685 548 illam
705 490 813 551 l'ormae
826 493 1077 574 magnitudinem
1095 496 1127 553 in

83 575 216 656 figuram
228 596 360 656 parvam
374 574 458 635 illius
472 575 625 652 volucris,
641 599 712 659 quae
724 600 791 639 sero
806 584 888 640 canit
901 584 1129 664 importunissi-

83 685 146 741 me,
165 679 222 726 aut
234 667 268 726 in
282 667 384 726 bustis
403 683 615 742 mortuorunt,
631 681 685 728 aut
705 671 736 728 in
757 671 950 732 culminibus
968 675 1127 747 vivorum,

83 755 133 814 sed
148 755 291 816 desertis.
305 757 426 816 Servius
439 772 591 817 noctuam
606 757 763 841 intelligit.

115 877 177 943 864.
189 879 282 930 Senem
294 880 372 930 canit.
383 880 425 931 An
435 899 519 933 serum
530 880 583 932 hoc

15 1025 16 1030 1
81 955 140 1008 loco
160 970 202 1010 est
221 959 302 1024 nuce,
326 971 352 1012 et
372 960 532 1026 luctuosum,
554 973 584 1012 ut

82 1035 136 1088 vult
149 1037 223 1090 Serv.
240 1051 266 1090 et
282 1039 583 1110 sliiinterpretesINon

14 1109 15 1116 ἵ
82 1117 187 1185 abnuo,
199 1138 263 1171 nam
275 1119 322 1172 lib.
333 1123 369 1183 V;
384 1119 522 1192 uSeraque
531 1134 584 1173 ter·

14 1213 15 1276 ]
80 1197 145 1250 rihci
155 1201 313 1252 cecinerunt
326 1202 417 1253 omina
427 1215 501 1254 votes
512 1223 540 1262 υς
555 1201 584 1254 id

14 1285 15 1296 ¹
81 1291 133 1344 est,
152 1279 214 1332 dira
234 1282 325 1332 omina
344 1299 376 1332 ex
394 1293 483 1333 mente
503 1283 584 1333 inter·

80 1373 202 1430 pretum:
222 1380 301 1432 quern
318 1375 407 1414 tamen
425 1363 515 1414 locum
534 1383 583 1436 ego

81 1439 157 1492 aliter
184 1443 298 1513 accipio.
322 1443 359 1494 Ut
381 1461 443 1494 vero
467 1443 505 1494 ibi
528 1462 584 1494 non

13 1519 14 1552 ³
80 1523 253 1572 consentiunt
266 1523 439 1593 interpretes,
449 1524 487 1574 ita
497 1541 583 1594 neque

12 1649 13 1652 ,
79 1597 137 1651 hic:
156 1613 184 1653 et
199 1620 284 1654 serum
301 1604 380 1673 capio
398 1601 431 1654 tle
448 1616 582 1674 tempore,

80 1695 133 1748 qno
146 1693 222 1732 canit
231 1695 345 1742 noetua;
358 1700 421 1733 nam
432 1699 490 1734 sero
501 1684 581 1734 canit.

79 1759 181 1811 Ducem
188 1758 278 1812 habeo
286 1761 429 1831 Apuleium
436 1761 535 1814 Florid.
545 1763 582 1828 II,

80 1841 155 1907 cnjus
167 1839 227 1892 haec
241 1854 319 1892 sunt:
340 1843 423 1893 «Nun
436 1844 507 1894 enim
517 1843 583 1894 mihi

80 1917 253 1991 Philosophia
265 1921 294 1972 id
302 1941 386 1994 genus
395 1924 583 1975 orationislar·

79 2000 133 2069 gita
145 2013 200 2070 est,
210 2013 241 2053 ut
250 2014 347 2055 natura
357 2003 519 2074 quibusdam
530 2006 584 2056 avi·

80 2077 129 2131 hus
144 2081 256 2136 brevem
272 2095 299 2134 et
313 2085 505 2154 temporarium
517 2104 583 2138 can-

80 2169 135 2209 tum
168 2161 364 2226 commodavit,
393 2161 583 2216 hirundinibus

80 2241 256 2308 matutinum,
275 2241 372 2293 cicadis
390 2243 582 2310 meridianum,

80 2321 185 2372 noctuis
211 2340 315 2390 serum,
346 2323 426 2374 ululis
451 2328 583 2398 vesperti-

79 2415 155 2463 num,
166 2399 325 2454 bubonibus
337 2416 511 2470 nocturnum,
527 2404 584 2476 gal-

79 2475 108 2528 lis
121 2476 322 2534 antelucanum.
334 2505 345 2529 n
364 2483 466 2555 Roges:
483 2487 505 2536 si
518 2489 583 2536 te'm-

9 2583 10 2628 ,
78 2575 127 2628 pus
149 2562 265 2632 accipit,
289 2561 363 2632 qnod
382 2562 436 2615 hoc
459 2569 583 2636 tempus?

9 2635 10 2644 ’
79 2639 428 2714 Existimoapoetasignari
437 2655 581 2696 extremam

78 2733 182 2794 partem
195 2721 264 2791 diei,
279 2735 305 2776 et
313 2726 370 2793 jam
381 2725 438 2776 lere
450 2738 582 2796 appeten-

80 2811 131 2853 tem
144 2814 268 2867 noctem,
283 2821 344 2856 cum
358 2803 404 2856 lux
417 2823 445 2858 se
458 2817 583 2858 extenuat

80 2881 111 2932 ad
131 2883 302 2934 imminentes
322 2883 455 2936 tenebras.
473 2886 581 2956 Itaque,

80 2961 124 3032 qui
138 2963 166 3012 in
181 2962 294 3033 Virgilio
309 2964 419 3034 capiunt
428 2983 511 3016 serum
524 2984 583 3017 noc·

79 3042 119 3107 tis,
133 3060 221 3094 avere
230 3043 330 3095 abeunt
338 3066 344 3094 ε
353 3062 417 3095 nam
423 3063 507 3097 serum
518 3063 582 3116 pro-

78 3121 134 3190 prie
152 3133 193 3173 est
205 3133 324 3173 extrema
335 3142 398 3194 pars
414 3123 482 3190 diei,
501 3123 528 3174 id
541 3127 581 3176 vi-

78 3197 175 3254 delieet
184 3212 302 3272 tempus,
311 3201 385 3272 quod
392 3204 509 3255 vicinum
520 3221 583 3254 noc-

79 3281 113 3330 ti:
137 3281 232 3354 virgil.
252 3280 350 3354 Georg.
370 3285 397 3333 Is
425 3283 504 3335 «Illic
522 3301 583 3336 sera

79 3360 177 3413 mhens
197 3361 320 3414 accendit
336 3362 438 3414 lumina
452 3381 556 3434 vesper.
568 3387 579 3410 s

79 3438 110 3490 Et
122 3457 185 3494 cum
196 3440 303 3494 Sallust.
314 3443 342 3493 in
352 3442 430 3494 Catil.
443 3444 472 3503 8;
488 3456 514 3495 et
525 3443 581 3494 Liv.

78 3517 123 3572 lih.
136 3521 176 3588 X,
194 3540 221 3582 ις
234 3520 324 3574 dixere
337 3522 389 3574 diei
399 3541 497 3588 senem,
515 3522 582 3574 nihil

80 3599 152 3652 alind
163 3602 284 3672 signant,
297 3619 378 3672 quam
391 3613 496 3671 tempus
510 3603 583 3654 noeti

80 3681 239 3748 proximum.
257 3678 309 3731 Sed
328 3680 416 3731 eflicio
436 3699 491 3734 rorn
512 3681 583 3733 hane

82 3758 176 3811 eodem
192 3759 299 3840 Apuleii
315 3758 391 3821 loco;
409 3761 436 3810 in
454 3779 508 3831 quo
521 3780 583 3832 pro·

81 3839 124 3890 cul
134 3837 219 3890 dubio
229 3839 301 3892 diem
314 3838 408 3892 dividit
419 3841 446 3890 in
457 3853 510 3893 tres
520 3859 582 3912 par·

81 3929 133 3985 tes,
155 3932 182 3972 et
204 3933 311 3972 noctem
331 3922 360 3970 in
383 3919 502 3972 totidem.
525 3922 583 3972 Diei

82 4012 171 4069 partes
185 4013 247 4052 sunt
263 4001 408 4066 mamtioa,
422 4002 581 4068 meridiana,

628 899 698 933 sera.-
711 887 813 950 noctis,
824 887 978 957 vespertina,
990 897 1127 951 nocturna,

628 963 792 1016 antelucana.
821 965 890 1037 Ergo
914 985 974 1036 pars
999 967 1130 1017 matutina

629 1048 775 1114 opponitur
786 1049 949 1119 vespertintm
960 1048 988 1099 id
1001 1062 1052 1113 est,
1064 1049 1129 1099 inei-

628 1124 704 1192 piens
717 1123 774 1175 dies
786 1127 924 1196 incipienti
934 1128 1014 1179 nocti.
1026 1129 1129 1197 Vesper

629 1203 700 1254 enim
709 1221 764 1254 non
774 1217 814 1255 est
825 1219 941 1257 extrema
950 1223 1012 1277 pars
1022 1205 1089 1272 diei,
1099 1219 1129 1256 ut

628 1281 750 1353 plerique
760 1284 867 1348 volunt,
878 1303 911 1336 ne
921 1286 1009 1338 dicam
1019 1303 1111 1337 omnes
1121 1305 1128 1336 t

629 1363 676 1414 sed
688 1364 776 1434 prima
788 1381 850 1434 pars
863 1366 962 1430 noctis,
982 1383 1063 1435 quum
1073 1367 1129 1433 jam

605 1458 608 1462 ·
628 1455 690 1492 sunt
712 1441 844 1494 tenebrae:
868 1444 1002 1495 namhoc
1024 1456 1128 1514 tempus

628 1520 729 1573 dictum
744 1523 778 1574 ab
795 1522 872 1574 stella
883 1526 1050 1594 vespernam
1070 1523 1127 1575 haec

629 1614 717 1653 autem
724 1621 776 1653 non
786 1615 906 1672 apparet,
912 1603 963 1652 nisi
972 1602 1129 1654 intenebris·

628 1685 691 1733 Pars
708 1682 852 1732 meridiana
867 1683 1014 1753 opponitur
1028 1693 1131 1734 noctur·

628 1779 680 1826 noe,
695 1760 723 1812 id
736 1773 788 1827 est,
800 1759 893 1814 medite
907 1763 994 1827 nocti,
1005 1775 1034 1813 ut
1047 1761 1130 1834 expli·

628 1863 669 1895 co.
686 1844 800 1894 Domum
814 1859 877 1914 pars
892 1841 1049 1894 antelucana
1060 1845 1130 1913 parti

626 1940 698 1986 seroe,
712 1921 806 1989 idest,
825 1939 888 1992 pars
902 1935 963 1974 ante
975 1921 1045 1973 diem
1057 1925 1129 1992 parti

629 2016 690 2056 ante
711 2015 826 2056 noctem.
838 2032 871 2042 -
885 2002 964 2056 Canit
980 2003 1131 2074 importuna

625 2103 674 2154 per
691 2083 801 2134 umbras.
820 2082 882 2134 Hac
900 2082 984 2134 verba
1005 2081 1131 2135 videntur

628 2175 747 2216 evertere
777 2164 942 2233 superiorem
974 2162 1131 2232 explicatio-

627 2261 687 2294 nem
698 2264 703 2292 :
716 2261 778 2294 narn
787 2243 956 2312 importunus
966 2241 1009 2293 hic
1019 2255 1129 2309 cantus,

629 2333 655 2373 et
677 2341 726 2392 per
749 2319 872 2385 umbras,
894 2321 959 2391 quid
980 2334 1019 2373 est
1041 2320 1129 2386 aliud,

629 2419 709 2472 qnam
730 2414 823 2452 cantus
843 2401 870 2450 in
891 2399 999 2472 longam
1022 2411 1130 2450 noctem

627 2479 792 2550 productus?
807 2478 927 2548 Enpedio
945 2477 1040 2530 facile:
1057 2490 1128 2530 certe

627 2559 704 2611 Maro
717 2567 743 2610 et
755 2557 883 2629 Apuleius
893 2570 998 2629 tempus
1009 2559 1129 2630 signant,

626 2641 655 2691 in
665 2657 719 2711 quo
732 2640 832 2710 occipit
842 2653 935 2691 cantus
945 2662 950 2690 :
964 2637 1030 2690 nihil
1039 2650 1129 2690 autem

626 2733 699 2773 vetat
715 2719 815 2772 diutius
833 2717 930 2771 deinde
942 2717 995 2770 hoc
1005 2715 1129 2790 protrahi

627 2801 743 2854 obteutIs
757 2803 812 2870 jam
830 2800 962 2852 tenebris:
978 2812 1005 2851 et
1019 2799 1129 2869 quidem

627 2899 696 2952 saepe
712 2879 803 2932 audivi
817 2892 945 2932 noctuam
956 2879 1129 2948 incipientem

627 2961 680 3012 diei
688 2979 762 3026 sero,
773 2972 799 3012 et
807 2958 904 3011 deinde
914 2970 1128 3028 perseverantem

627 3041 662 3094 nd
678 3041 789 3092 multam
800 3052 917 3092 noctem.
936 3037 987 3089 Sed
1005 3056 1062 3089 csse
1076 3056 1128 3108 po·

628 3133 678 3172 test
695 3119 746 3172 alla
759 3117 915 3190 explicatio,
933 3130 962 3167 ut
976 3118 1129 3188 importuno

626 3197 679 3251 hoc
699 3200 760 3251 loco
780 3201 813 3250 sit
832 3199 968 3262 luctuosa,
989 3209 1015 3248 et
1036 3197 1127 3248 tristis.

627 3281 744 3333 Illustrat
763 3280 834 3332 hanc
855 3291 945 3329 notam
962 3277 1033 3330 idem
1054 3278 1130 3350 Apu-

627 3359 909 3432 leius;praecedentem
917 3357 1063 3410 clausulam
1071 3357 1128 3411 haec

627 3442 801 3512 consequitur
821 3461 827 3489 ε
857 3438 985 3490 «Canunt
1011 3441 1128 3491 carmine

627 3519 690 3592 galli
707 3518 880 3591 expergifico,
897 3518 1020 3570 bubones
1036 3537 1128 3594 qemu-

627 3601 668 3667 lo,
681 3599 759 3652 ululae
768 3599 894 3670 querulo,
905 3611 1008 3649 noctuae
1017 3600 1128 3663 intorto,

628 3679 726 3733 cicadae
735 3677 1063 3750 obstrepero,hirundines
1071 3698 1130 3750 per·

628 3774 754 3832 arguto.»
771 3761 801 3810 In
817 3777 870 3830 quo
886 3759 1009 3810 intortum
1025 3758 1128 3830 explico

628 3839 822 3910 importunum,
842 3838 1011 3903 ductnmnm,
1031 3838 1111 3891 triste
1118 3862 1127 3902 ‚·

626 3933 822 3988 remeantum,
843 3921 890 3990 qui
904 3937 953 3970 nos
966 3929 1078 3990 torquet,
1101 3932 1127 3971 et

625 4012 717 4062 vexat3
729 4001 776 4074 qui
784 4017 833 4051 nos
843 3998 949 4054 natura·
958 3999 1041 4051 veluti
1052 3998 1072 4050 iv
1080 3999 1127 4059 βω·
