2704 4582
230 285 290 331 120
552 255 934 327 COMMENTARIA

224 405 293 453 tum
305 395 475 450 versantem
489 381 523 442 iu
535 379 669 444 alionum
686 373 825 447 tumultu
841 394 873 448 et
888 381 1021 450 lettera·
1041 386 1099 448 Sed
1115 379 1300 452 carbunc

226 502 290 562 prae
303 476 370 538 aliis
383 469 479 532 vidit?
493 472 566 551 quia
578 467 651 530 huic
660 470 731 530 niro
744 471 844 542 cristae
856 491 1038 552 purpureum,
1049 489 1083 536 et
1093 476 1300 538 laomim.

227 555 313 632 mum
330 577 448 626 ostrum
465 559 505 622 ad
522 558 640 622 futuras
659 561 797 640 nuptias.
819 561 886 628 Hac
903 581 977 642 eigo
994 577 1148 645 tanquam
1170 567 1299 648 pcaeda

227 646 376 720 invitatus
389 653 452 714 ruit
469 651 501 708 in
512 647 621 722 illum,
638 649 737 710 instar
749 647 868 724 lenuis,
883 651 938 731 qui
949 671 1015 732 pru
1025 652 1110 715 farne
1122 653 1299 729 ferocior,

227 767 325 832 quum
340 761 498 824 capream,
514 753 568 802 aut
579 756 704 800 cerrum
718 737 811 814 vidit,
831 737 918 804 illam
932 742 1084 824 (liparem,
1105 745 1198 806 hanc
1217 767 1297 807 sur-

225 847 338 916 qcntem
351 833 519 901 incarnata,
542 826 647 901 idest,
668 823 838 890 sublimem
854 825 1022 902 edumhum
1043 831 1167 912 pandet,
1192 831 1297 892 bians

227 926 370 994 immune,
391 917 518 978 diducto
538 916 600 978 oris
618 914 706 974 hiatu
722 935 855 996 magne,
876 931 911 981 ut
927 915 1106 996 famelicum
1128 935 1163 981 et
1178 926 1297 982 corneis

228 1011 353 1092 arrigit,
374 1007 482 1082 idest,
499 1003 609 1086 jubas,
630 1024 665 1064 ac
678 1016 753 1076 tnnc
768 1003 1033 1081 cudrulensium,
1052 1009 1298 1092 accumbitque

227 1119 319 1180 super
336 1097 504 1168 visceribus
521 1092 651 1176 praedae,
674 1113 708 1154 ac
729 1107 813 1156 totus
829 1111 940 1157 cruore
957 1095 1171 1176 perfunditur.
1194 1099 1296 1158 Dicit

228 1185 298 1248 lauit
311 1190 494 1272 antiquum,
512 1204 570 1266 pro
589 1181 674 1244 lavat.
687 1181 794 1244 Talem
810 1198 887 1265 putu
903 1186 1049 1247 Mezentii
1067 1187 1231 1269 impetum
1254 1188 1294 1244 in

227 1265 397 1352 beronem,
412 1275 467 1356 qui
480 1273 587 1332 statim
600 1273 753 1351 seqnitur:
766 1270 855 1336 nulla
866 1273 952 1336 enim
965 1271 1011 1334 illi
1022 1273 1121 1334 'virtus
1134 1274 1174 1334 ad
1187 1275 1294 1333 resis-

226 1365 372 1446 tendum,
389 1365 470 1423 sicut
484 1379 542 1420 nec
555 1378 692 1442 cuprcae,
705 1371 758 1420 eut
767 1379 858 1420 cervo
868 1374 975 1422 contra
987 1359 1123 1422 leonem.
1136 1359 1294 1421 adhibet

227 1453 474 1512 circumstantias
496 1449 623 1520 mortis;
644 1467 718 1506 nam
730 1445 857 1508 calcibus
869 1446 991 1514 humum
1011 1449 1122 1523 tutudit,
1144 1461 1295 1513 munaum

228 1541 281 1602 tela
288 1567 300 1616 ,·
316 1535 344 1603 et
356 1541 421 1604 baec
434 1539 574 1622 infracta,
588 1549 623 1596 ut
636 1555 704 1616 quae
714 1537 818 1616 primo
829 1539 949 1618 impetu
958 1539 1104 1602 Mezentii
1116 1537 1290 1600 diffracta.

226 1631 376 1714 Expende
387 1649 511 1691 cervum
523 1627 585 1687 dici
594 1639 756 1708 serpentem
767 1628 933 1700 meamea,
946 1629 1022 1706 quit
1033 1629 1145 1687 darom
1157 1629 1268 1687 cristae
1281 1647 1290 1684 ι

229 1735 258 1782 et
272 1735 347 1782 nota
359 1733 479 1802 puncto
494 1717 646 1798 temporis
663 1713 861 1777 interfectum
880 1715 986 1792 illum,
1005 1730 1041 1778 ut
1057 1737 1204 1791 certum,
1226 1729 1292 1776 aut

229 1831 374 1891 capream
389 1832 407 1870 a
421 1807 529 1881 leone,
548 1805 621 1885 quia
637 1808 834 1880 camberon,
849 1826 942 1886 quem
955 1804 1005 1868 hae
1015 1804 1106 1882 ferus,
1121 1804 1288 1869 imbelles.

228 1898 357 1978 Explica
369 1894 514 1968 alacrem,
527 1905 729 1974 promptum,
746 1905 923 1969 strenuum,
938 1894 1048 1974 ἕτοιμον,
1059 1895 1174 1974 ὄψιμον.

269 1985 337 2067 732.
352 1983 472 2046 Orodes
485 1983 549 2040 visa
562 1978 697 2044 aliorum
709 1995 810 2063 strage
822 2003 855 2046 se
872 1984 905 2043 in
921 1982 1030 2062 stipam
1046 1983 1198 2062 conjecit3
1219 2003 1287 2064 po·

229 2075 341 2132 suisset
351 2071 522 2132 Mezentius
534 2067 707 2148 fugientem
718 2068 807 2132 hesta
819 2072 957 2152 assequi,
971 2069 1023 2130 sed
1035 2071 1138 2132 noluit
1149 2091 1214 2152 prae
1225 2090 1287 2152 ge·

229 2163 399 2224 nerositatc
411 2159 528 2220 animi:
544 2159 649 2240 itaque
661 2159 807 2228 adversus
820 2181 852 2221 se
870 2159 916 2220 illi
929 2158 1059 2236 obtulit,
1077 2162 1204 2234 stravit,
1224 2181 1286 2242 pc·

230 2239 363 2332 demque
373 2261 402 2308 et
411 2247 534 2312 hastam
545 2247 701 2328 impressit
710 2269 803 2331 supra
814 2249 919 2323 illum,
929 2263 961 2310 et
968 2249 1102 2310 clamare
1111 2249 1286 2308 victoriam

229 2341 341 2422 coepit,
355 2340 404 2404 cui
417 2337 575 2402 lectissimo
587 2337 696 2401 Paeane
709 2341 785 2400 socii
798 2359 906 2403 omnes
924 2337 1142 2401 acclamarunt.
1159 2340 1285 2400 cacum

228 2427 349 2503 vulnus,
372 2426 458 2510 quod
477 2447 603 2502 averso,
624 2441 654 2488 et
672 2449 737 2490 non
756 2427 873 2490 videnti
892 2427 1042 2508 infigitur.
1063 2427 1158 2488 Haud
1174 2424 1289 2486 melior

220 2517 322 2598 ficeto,
344 2527 406 2591 est,
427 2535 493 2574 nun
512 2514 624 2575 melior
643 2515 779 2576 insidiis.
800 2519 911 2579 Versus
927 2517 998 2590 ille,
1018 2519 1092 2576 Pars
1109 2512 1176 2574 belii
1198 2512 1289 2574 land

231 2605 401 2679 temnenda,
419 2617 494 2678 etc,
511 2605 676 2686 accipitur,
691 2605 803 2680 credo,
817 2609 952 2670 ironice:
972 2627 1048 2666 nam
1062 2607 1121 2665 ieta
1134 2605 1190 2686 qui
1203 2624 1284 2686 qua-

231 2692 322 2756 drent
334 2696 367 2752 in
379 2691 573 2773 lugientem?

228 2863 296 2918 fiunt
313 2865 393 2920 etiam
408 2861 544 2928 homines,
564 2875 644 2934 etque
663 2866 728 2918 effe·
773 2879 835 2938 post
842 2867 952 2922 lambat.
963 2864 1281 2925 T···-St³tlu³Tl10b·Vl

229 2957 330 2997 rantur.
340 2941 557 3006 UndeLucanus,
568 2944 667 2994 «nescit
674 2943 730 3013 ple·
774 2946 840 2998 dixit
854 2947 957 3000 rabiem
969 2947 1002 3000 de
1017 2948 1095 3002 leone
1107 2945 1246 3000 famelico.

229 3025 276 3078 bes
286 3026 377 3095 jejuna
389 3023 509 3072 timere.»
521 3019 635 3072 Notabis
650 3023 729 3073 etiarn
810 3025 868 3092 732.
885 3024 994 3076 Oroden.
1008 3023 1224 3086 lstumOroden,
1239 3023 1280 3073 vi-

229 3105 340 3158 terbum
351 3101 456 3156 suadet:
475 3101 591 3152 facetum
603 3112 656 3152 est:
674 3119 729 3152 non
773 3120 832 3156 rum
844 3104 956 3170 fortem,
968 3104 1139 3177 intelligimus
1148 3104 1278 3174 infugam

230 3184 308 3249 dinc
319 3183 393 3256 cupit.
405 3178 626 3251 Superavitbisce
636 3202 641 3230 :
653 3185 729 3252 supe·
773 3185 932 3237 necessitate
951 3201 1009 3235 esse
1026 3201 1194 3236 conversum.
1216 3183 1280 3234 Me-

228 3259 727 3326 revitillis‚uGaudethiansimmanen:
772 3264 873 3314 zentius
889 3261 963 3314 haud
979 3281 1007 3315 se
1024 3261 1133 3334 dignum
1149 3274 1189 3313 est
1202 3261 1277 3312 arbi·
1337 3319 1338 3322 Ἴ

230 3355 269 3407 et,
285 3357 396 3394 «comas
406 3341 510 3391 arrexit.
522 3363 533 3387 ι
545 3338 728 3407 bludunam,
773 3355 857 3396 trstus
867 3343 976 3396 Oroden
988 3355 1105 3396 sternere
1115 3343 1275 3416 fugientem,

226 3417 298 3488 μάλα
311 3414 358 3487 peip
373 3417 455 3482 ialin,
474 3420 632 3488 impensius,
653 3419 731 3470 hoeret
773 3441 823 3474 nec
837 3424 861 3474 ei
877 3441 893 3474 a
904 3435 978 3494 tergo
994 3442 1049 3474 non
1063 3423 1167 3474 videnti
1178 3422 1275 3481 miluus

208 3523 213 3538 i
229 3501 362 3556 visceribus
375 3517 451 3570 super
461 3501 617 3554 accumbens.
640 3503 671 3554 ln
685 3519 729 3554 ca·
774 3501 851 3566 dsue3
867 3501 919 3554 bec
931 3505 1002 3556 enim
1017 3501 1137 3573 appellat
1152 3521 1273 3554 aeacum

229 3581 357 3638 veeenim
365 3577 416 3630 boc
424 3575 537 3632 vidimus
547 3600 553 3630 :
565 3592 666 3650 quanto
674 3598 729 3632 ma·
773 3583 878 3636 vulnus.
889 3606 900 3631 e
915 3583 980 3650 Quae
990 3585 1061 3638 enim
1073 3596 1142 3636 esset
1154 3585 1205 3634 ista
1216 3583 1273 3655 plo-

229 3663 268 3732 gis
276 3657 422 3731 urgebatur
431 3659 546 3728 pertica,
557 3670 631 3712 tanto
640 3661 726 3712 acrius
771 3663 825 3728 ria,
835 3663 982 3734 fugientem
992 3676 1017 3716 et
1027 3681 1151 3716 aversum
1159 3664 1256 3716 ferire?
1337 3697 1338 3704 ,

228 3738 368 3812 premebat
383 3735 503 3788 vitudum.
521 3736 616 3793 Nonne
630 3750 670 3790 est
682 3757 727 3809 ge·
807 3741 867 3812 738.
884 3743 982 3796 Poeaaa
996 3743 1082 3796 menti.
1101 3744 1197 3808 Poean,
1210 3760 1272 3812 pro·

228 3819 350 3872 nerosior
363 3817 462 3880 oratio,
475 3833 555 3886 quam
561 3813 632 3884 pube
644 3837 727 3869 uereo-
771 3821 828 3892 prie
845 3820 978 3891 Apollinis
995 3821 1053 3876 lans
1070 3834 1127 3874 cst:
1144 3821 1192 3874 sed
1205 3821 1272 3872 aba·

230 3899 286 3948 lini
300 3895 487 3968 Epiphanema
505 3896 725 3968 pulcherrimum}
772 3901 826 3954 sive
841 3901 921 3952 etiam
934 3899 1048 3955 eliorum
1064 3898 1179 3954 dicitur:
1201 3899 1272 3954 unde

230 3979 267 4030 sic
279 3979 349 4032 enim
361 3975 433 4030 laum
445 3995 471 4030 os
480 3979 622 4048 sanguine,
635 3992 664 4030 ut
679 3979 726 4032 diu
771 3977 899 4035 Pindarus
912 3996 980 4050 opus
992 3998 1084 4048 suum,
1095 3979 1171 4050 qued
1185 3993 1212 4034 et
1220 3979 1270 4033 ¹lie-
