2654 4590
248 317 287 362 to
571 289 951 355 COMMENTARIA

242 427 391 479 mantem.
412 416 564 477 Describit
581 427 675 498 poeta
693 412 796 477 obiter
813 417 924 490 situm,
947 413 1001 474 ubi
1021 413 1147 492 classia3
1169 431 1246 478 erat
1262 439 1306 479 ea

244 508 325 576 iuter
335 521 435 568 castra
449 522 479 567 et
491 507 639 581 fluvium,
654 507 687 565 in
700 504 825 566 occulto
839 505 922 565 loco.

284 598 332 678 73.
347 599 406 656 Vix
416 596 482 658 haec
492 600 629 672 Turnus,
640 617 737 678 quum
750 597 855 654 statim
864 611 977 656 omues
985 597 1114 676 arreptis
1124 595 1253 657 facibus
1265 600 1306 657 in

243 685 326 747 idem
343 705 422 768 opus
438 686 641 760 incumbunt,
661 683 743 744 avidi
763 683 938 744 ostentandi
957 704 988 742 se
1002 685 1124 759 Turno,
1144 687 1178 745 in
1200 684 1304 765 cujus

226 777 408 856 ‘praesentia
421 795 469 836 res
485 777 655 856 gerebatur.
674 777 783 854 ltaque
799 773 885 833 focos
899 773 1053 854 diripiunt
1074 773 1110 834 ad
1124 772 1306 854 jactandas

242 863 344 924 laces:
365 867 519 926 aestatim
535 866 618 924 visus
633 877 679 924 est
693 885 745 924 aer
762 862 914 944 compleri
931 864 1020 943 piceo
1033 862 1170 943 quodam
1187 883 1225 922 ac
1244 863 1302 920 fu-

246 963 348 1012 mante
359 950 492 1028 l'umiue,
504 951 683 1034 favillisque
698 954 769 1032 igne
778 952 969 1026 commistis,
980 963 1011 1010 et
1021 949 1059 1010 ad
1068 950 1180 1010 caelum
1192 970 1306 1030 usque

245 1038 313 1099 lieri
329 1043 446 1100 omnia.
574 1037 576 1042 ’

283 1137 331 1209 77.
353 1129 445 1204 Vult,
466 1141 501 1188 ut
513 1129 608 1190 Musae
620 1129 678 1188 sibi
692 1139 873 1209 suggerant,
889 1125 1048 1207 quomodo
1065 1143 1159 1184 naves
1174 1121 1303 1203 effuge-

244 1215 308 1274 rint
322 1229 468 1298 paratum
483 1216 549 1298 jam
567 1217 769 1292 incendium,
790 1227 823 1276 et
839 1235 902 1296 quo
924 1216 1053 1275 numine
1074 1225 1240 1272 annuente
1263 1212 1301 1270 id

243 1301 361 1363 factum
371 1328 378 1364 ι
390 1325 477 1382 narn,
489 1305 543 1366 ubi
557 1309 658 1387 prisca
669 1319 713 1366 est
726 1305 818 1380 lides,
830 1306 953 1364 tametsi
962 1302 1044 1362 fama
1054 1321 1176 1382 semper
1183 1319 1301 1381 peren-

244 1403 312 1464 net,
325 1396 517 1454 necessarius
530 1407 575 1453 est
587 1395 747 1454 Musarum
759 1391 863 1466 lavor,
877 1414 917 1453 ne
929 1390 1051 1456 aberret
1061 1391 1214 1450 narratiu.

291 1479 339 1538 80.
369 1482 498 1540 Initium
523 1483 713 1542 narrationis
738 1483 872 1540 sumitur
896 1479 936 1541 ab
966 1480 1056 1538 initio
1081 1475 1299 1556 navigationis

243 1567 362 1644 AEneae,
382 1573 435 1651 qui
449 1593 547 1651 quum
559 1573 649 1631 sectis
662 1573 695 1630 in
708 1570 764 1631 Ida
776 1570 909 1652 Phrygia
926 1569 1019 1650 lignis
1037 1565 1075 1626 ad
1088 1567 1299 1646 compingen-

243 1667 314 1735 gam
328 1657 476 1735 classem,
496 1659 608 1742 hisque
623 1683 658 1722 ex
677 1664 784 1742 pineto
800 1681 885 1720 sacro
898 1657 1040 1742 Cybelae,
1060 1657 1185 1715 classem
1195 1652 1299 1712 ,moli-

243 1757 345 1822 retur,
364 1748 455 1825 (vide
471 1752 537 1810 AEn.
550 1751 604 1811 lib.
619 1751 679 1824 lll,
697 1771 726 1811 v.
741 1753 757 1810 5
771 1752 846 1824 et63
866 1761 896 1808 et
912 1769 1027 1807 nexum
1043 1746 1206 1822 utriusque
1220 1741 1296 1800 libri

243 1829 1296 1921 mirare3)tuncDeaipsaJovemadiitsupplicabundapromateria

243 1918 302 1979 sibi
314 1941 397 1982 saera
410 1948 417 1983 z
434 1942 507 1987 sunt
519 1930 603 1988 enim
614 1930 707 2010 pinus
720 1930 753 1988 in
766 1926 863 1986 tutela
876 1923 1014 2008 Cybeles.

283 2009 331 2072 83.
348 2013 476 2097 Colligit
490 2015 741 2078 benevolentiam
762 2018 854 2079 initio
869 2015 1038 2087 sermonis,
1056 2010 1197 2091 primum
1212 2004 1293 2078 illis;

279 2171 320 2240 73·
336 2175 404 2226 Tum
414 2195 480 2229 veru.
494 2180 530 2230 Ut
540 2180 643 2251 signum
654 2181 744 2232 inceu·
787 2178 888 2242 noluit,
901 2179 939 2230 sie
952 2175 1073 2228 ordinem
1087 2169 1209 2242 protulit.
1223 2167 1293 2220 Aliis

244 2248 393 2306 (laudarum
412 2259 520 2324 navium
540 2259 632 2312 datum
651 2272 699 2312 est.
716 2261 742 2312 S.
787 2260 846 2310 lam
858 2256 966 2327 quidem
974 2247 1229 2312 evanuitlides,hoc
1237 2259 1291 2311 est,

244 2359 279 2372 ⁹·
290 2331 509 2405 Uruetproesentia
523 2339 613 2390 Turni.
627 2339 686 2390 Plus
698 2357 745 2390 va·
787 2331 865 2389 nemo
876 2333 961 2386 credit
973 2333 1087 2394 factum,
1101 2326 1189 2380 adhuc
1198 2337 1290 2376 tamen

165 2451 168 2456 .
243 2407 280 2460 let
295 2417 434 2482 praesentia
449 2419 519 2487 ejus,
540 2420 586 2490 qui
602 2431 691 2490 potest
701 2420 745 2488 ju·
788 2417 860 2467 fama
869 2415 943 2478 vivit,
953 2424 979 2464 et
987 2410 1093 2461 dicitur.
1105 2406 1192 2456 Prisca
1200 2417 1290 2455 autem

241 2488 319 2558 bere,
337 2489 419 2564 quam*
430 2498 531 2566 jussio:
553 2517 634 2568 quum
654 2511 743 2549 autem
788 2495 853 2547 fides
864 2495 1016 2560 ἀξιοπιστία,
1028 2487 1104 2560 quasi
1113 2486 1209 2538 nonsit
1218 2485 1290 2536 facta

241 2565 307 2620 dicit
338 2573 464 2626 “fumida
483 2575 593 2637 iaedats
622 2577 744 2646 exprimit
787 2573 988 2628 historiaServ.

236 2665 326 2716 “duale
339 2649 434 2704 dixerit
449 2655 658 2706 stacionensis.
674 2679 696 2705 n.
708 2657 742 2705 D.
823 2657 865 2707 82.
890 2652 950 2724 Ipsa
969 2651 1045 2702 deum
1059 2649 1148 2719 fertur
1162 2647 1285 2718 penetrix.

279 2743 320 2796 77·
336 2731 398 2800 Quis
408 2733 480 2798 deus,
495 2753 509 2785 ο
520 2737 610 2790 Musae.
622 2735 691 2805 Quia
701 2753 742 2786 res
787 2735 953 2805 Figmentum
963 2731 1016 2782 boe
1027 2729 1091 2780 lieet
1100 2726 1233 2798 poeticum
1244 2726 1286 2790 sit,

242 2807 359 2861 Deorum
372 2825 425 2879 est,
438 2827 464 2866 et
474 2813 572 2880 ardua,
582 2815 644 2866 ideo
658 2824 705 2886 per
715 2833 743 2866 se
788 2825 877 2864 tamen
888 2813 951 2882 quia
959 2807 1080 2878 exemplo
1089 2817 1170 2868 caret,
1179 2817 1288 2856 notatur

243 2905 301 2938 eam
311 2905 365 2941 non
378 2905 467 2962 potest
479 2893 576 2946 dicere.
592 2895 641 2946 Hic
654 2906 743 2946 autem
788 2910 805 2944 a
825 2892 948 2944 Criticis:
968 2889 1040 2942 unde
1057 2887 1138 2956 longo
1157 2887 1286 2955 prooemio

241 2966 327 3035 gloria
342 2970 425 3022 Turni
444 2971 558 3024 latenter
580 2972 743 3037 ostenditur,
788 2985 942 3033 excusatum
955 2987 1016 3020 nam
1030 2966 1091 3020 ideo
1105 2980 1130 3016 et
1141 2966 1230 3035 prisca
1241 2983 1285 3016 ra-

243 3048 317 3114 cujus
334 3049 373 3100 vis
389 3051 439 3102 nisi
451 3069 467 3102 a
480 3051 635 3104 numinibus
649 3050 744 3122 repelli
788 3053 860 3102 tione
878 3049 1013 3120 religionis
1028 3059 1054 3098 et
1068 3046 1140 3096 Jovis
1158 3043 1284 3096 beneficio

240 3143 296 3176 11⁰0
304 3129 398 3196 P⁰tuit
406 3129 475 3182 Sero,
483 3129 742 3195 -Videuotas,vol.
788 3130 853 3182 dicit
862 3147 919 3181 esse
931 3128 1095 3199 perfeetum,
1105 3136 1134 3175 ut
1143 3141 1223 3175 naves
1231 3141 1286 3176 mu·

243 3205 287 3268 lV,
297 3223 358 3276 pag.
372 3219 424 3274 901
439 3225 479 3261 ¹0·
789 3223 909 3262 tacentur
919 3210 946 3260 in
956 3205 1106 3280 Nymphass
1120 3221 1173 3274 quo
1185 3203 1226 3256 vel
1232 3203 1285 3272 pli·

181 3343 182 3346 ,
279 3299 321 3353 79·
337 3287 498 3360 Penestae,
507 3290 598 3361 sacto,
615 3289 744 3362 sedfama
789 3307 881 3363 quaex
889 3301 965 3361 parte
977 3287 1127 3359 pussitesse
1136 3283 1283 3336 verisimile.

240 3366 366 3434 perennis.
378 3367 471 3420 Omnis
480 3372 624 3442 antiquitas
634 3369 744 3448 difficile
788 3369 856 3422 sane
868 3368 976 3440 quidam
979 3368 1068 3440 fertur
1075 3363 1283 3436 reprehendunt,

243 3461 312 3514 pura
326 3459 352 3498 et
367 3447 523 3520 incorrupta
534 3463 626 3504 manat
639 3453 667 3504 in
679 3469 744 3524 pos·
789 3449 862 3522 quod
875 3447 992 3502 dicendo
1001 3450 1183 3500 auctoritatem
1194 3445 1230 3495 rei
1241 3444 1286 3496 de-

243 3537 325 3576 teros.
334 3528 403 3599 Ergo
411 3527 463 3581 hoc
471 3529 549 3594 dioit;
558 3534 670 3584 Factum
677 3533 744 3600 hoc,
788 3533 897 3582 nexerit
907 3551 913 3580 ε
925 3528 970 3580 alii
979 3525 1105 3592 laudant,
1117 3521 1188 3596 qnod
1196 3524 1283 3576 dioen-

244 3604 744 3684 lioetpriscumsit,idest,antiqaum,
789 3609 824 3662 do
834 3610 934 3681 fertur,
952 3606 1104 3660 incredibili
1118 3607 1157 3656 rei
1170 3604 1283 3656 auctori-

244 3696 334 3738 tamen
346 3687 418 3740 lama
428 3691 484 3758 ejus
491 3707 546 3741 non
555 3703 594 3742 est
602 3693 746 3746 obliterata
789 3705 871 3744 tatem
890 3689 954 3742 dare
972 3689 1096 3741 noluerit.
1117 3681 1282 3740 S.-Nullus

244 3775 396 3835 temporum
407 3779 547 3820 vetustate.
559 3769 612 3822 Atii
621 3773 659 3822 sic
669 3772 747 3825 intel·
789 3771 870 3824 homo
887 3769 944 3822 beo
957 3767 1061 3821 viderat
1077 3780 1123 3820 aut
1136 3763 1281 3828 audiverat,

246 3844 344 3914 58¹¹ssss
352 3847 515 3901 fabulosum
523 3863 563 3902 est
571 3852 688 3922 quidem,
697 3854 745 3908 sed
791 3852 837 3906 sed
845 3854 927 3904 Musae
937 3861 1043 3922 poetam
1054 3849 1207 3901 docuerunt.
1215 3848 1279 3898 Don.

247 3922 312 3975 fides
320 3929 376 3996 ejus
383 3930 511 3999 reipenes
519 3931 621 4000 priseos
629 3937 745 4004 est;ejus
790 3929 1005 4004 -Apollonius,
1015 3941 1041 3981 et
1052 3927 1167 3983 Calaber
1177 3927 1219 3978 lib.
1232 3927 1251 3976 1.

248 4005 318 4058 ‘mim
335 4008 387 4074 ¹052
408 4011 482 4079 cujus
502 4021 638 4064 auctorem
656 4013 746 4066 facere
819 4015 869 4072 ,tt
882 4013 937 4076 Du,
955 4022 1028 4076 uate,
1039 4009 1144 4083 petenti.
1161 4007 1229 4059 desi
1242 4004 1282 4058 di·
