2704 4582
225 267 285 333 136
526 265 931 336 ,COMMENTARIA

218 413 283 451 rum
295 403 384 464 vulta„
393 385 534 468 trophaeo
547 390 696 464 excitato,
711 394 831 452 tametsi
842 405 1031 473 premeretur
1040 406 1109 454 tum
1121 414 1195 454 cura
1204 393 1275 453 hu-

152 479 198 522 υ
222 479 410 538 mandorum
422 474 624 551 cadaverum,
637 491 704 536 turn
716 481 809 538 unius
820 477 970 539 Pallantis
981 480 1091 541 funere
1103 495 1181 540 esset
1192 501 1277 538 moe-

221 569 390 628 stissirnus:
411 577 505 645 poeta
521 561 639 644 majore
653 567 843 628 incremento
861 567 949 627 addit
964 567 1109 630 turbatus:
1132 570 1277 649 pertinet

220 655 280 734 hoc
293 655 330 712 ad
344 656 488 734 pietatem
500 655 615 728 AEneae‚
627 657 676 714 cui
688 675 774 715 saera
783 658 920 737 primum
932 678 1013 717 ourae
1023 659 1055 716 in
1067 658 1276 730 tantiscuris,

221 746 254 802 in
266 739 452 801 tam'acerbo
466 741 583 802 dolore.

261 831 287 890 5.
304 831 475 889 Constituit
488 827 619 910 trophaei
630 833 778 911 speciem,
792 832 876 912 quod
890 855 1011 894 sacrum
1024 835 1135 908 Marti,
1150 851 1275 912 magno

220 919 373 1002 bellorum
388 923 463 980 Deo.
477 923 582 1000 ‚ErgQ
603 941 752 1000 quercus,
772 925 823 982 cui
843 924 983 1005 undique
1000 928 1078 982 rami
1098 925 1276 1004 amputati,
1336 913 1337 918 ἵ

221 1005 421 1072 constituitur
435 1013 468 1070 in
484 1009 621 1084 tun1n103
642 1025 673 1070 et
684 1033 719 1070 ea
733 1015 849 1093 inqens,
865 1025 937 1074 narn
952 1034 1039 1072 arma
1053 1013 1216 1092 ingentia:
1236 1012 1276 1068 in

220 1101 278 1162 hac
293 1122 408 1182 quercu
422 1114 505 1182 optat
515 1104 630 1175 cristas,
647 1115 675 1160 et
688 1100 742 1160 has
755 1118 883 1164 rorantes
895 1106 1037 1185 sanquine
1043 1127 1054 1176 ,·
1066 1095 1183 1161 vdeinde
1194 1098 1275 1172 tela,

219 1191 327 1252 ethaeo
342 1206 443 1252 trunca
451 1217 462 1264 ,·
481 1212 569 1265 mox,
592 1190 753 1266 thoracem,
770 1207 799 1252 et
813 1189 896 1254 hune
908 1196 1067 1277 perfossum
1082 1191 1184 1252 ictibus
1198 1190 1277 1250 duo-

219 1282 328 1342 decim.-
343 1281 466 1341 tandem
478 1295 551 1363 post
559 1285 665 1341 omnia
675 1281 807 1364 clypeum
813 1329 822 1357 ,
836 1298 921 1364 atque
930 1305 1040 1357 ensem,
1052 1281 1143 1341 illum
1153 1303 1189 1340 ex
1198 1301 1275 1353 aere,

219 1370 251 1428 id
264 1382 324 1443 est,
339 1389 470 1442 aereum,
486 1368 740 1443 hunc‘eburnnm,
760 1383 886 1452 propter
899 1374 1061 1450 vaginam,
1077 1385 1112 1429 ut
1125 1369 1192 1428 vult
1204 1369 1276 1428 Ser·

218 1461 304 1532 vius,
320 1472 371 1518 aut
388 1474 517 1540 propter
534 1458 701 1540 capulum,
721 1475 754 1518 ut
768 1481 825 1540 ego
837 1459 921 1520 volo.
941 1463 1017 1521 Data
1037 1481 1109 1518 vero
1127 1473 1170 1518 est
1183 1457 1275 1516 sedes

219 1547 326 1628 clypeo
342 1547 381 1607 ad
399 1549 555 1628 sinistram
571 1562 692 1628 partem
706 1569 854 1630 quercus3
870 1551 934 1608 ensi
947 1549 986 1608 ad
999 1548 1116 1608 collum
1128 1546 1274 1626 ejusdem

220 1639 356 1710 arboris3
373 1652 406 1696 ut
421 1643 552 1718 quereus
564 1631 720 1706 armatum
733 1635 914 1712 hominem,
930 1659 990 1718 qua
1007 1652 1112 1718 posset
1129 1639 1273 1710 ratione,

219 1742 470 1809 repraesentaret,
495 1748 566 1786 vere
584 1729 772 1787 Mezentium
791 1730 903 1808 ipsum.
931 1729 967 1786 ln
989 1726 1048 1786 hoe
1065 1729 1148 1785 enim
1168 1727 1273 1806 posita

220 1817 350 1898 trophaei
364 1820 458 1892 rati0,
474 1831 507 1876 ut
518 1819 611 1878 arbor
621 1841 678 1899 pro
689 1818 818 1880 homine
829 1831 918 1893 esset,
931 1819 1051 1899 captiva
1062 1839 1120 1898 pro
1133 1818 1271 1897 captivo.

263 1925 306 1962 ια.
323 1905 441 1984 Incipio
453 1901 492 1961 ab
503 1904 698 1984 parenthesi:
714 1920 950 1987 repraesentetur
960 1926 1091 1986 magnus
1104 1905 1273 1985 princeps,

220 2010 250 2054 et
267 1993 390 2074 qualern
413 1995 446 2054 in
472 2015 526 2054 sua
546 1995 674 2055 AEneide
693 1998 759 2055 vult
774 2000 881 2056 Maro:
904 1999 998 2078 stipat
1018 1997 1157 2076 tegitque
1177 1993 1272 2052 illum

220 2081 318 2154 turbu,
334 2081 385 2140 sed
399 2081 525 2142 dueum:
540 2102 614 2141 narn
627 2105 690 2164 prae
706 2084 778 2160 illo,
797 2099 828 2145 et
840 2084 906 2166 ejus
919 2087 1050 2157 virtute,
1065 2083 1157 2142 duces
1174 2085 1271 2142 etiam

219 2175 251 2243 in
265 2173 355 2231 turba
366 2186 448 2230 sunt.
464 2173 615 2248 Hortatur
628 2176 734 2256 itaque
745 2179 851 2250 socios,
873 2189 903 2236 et
915 2173 987 2235 illos
1003 2175 1041 2232 ab
1055 2195 1086 2232 se
1098 2195 1164 2232 uno
1181 2193 1272 2232 onust-

221 2275 277 2320 tes:
292 2261 407 2346 quippe
418 2254 561 2320 on’rniu‘m
572 2261 672 2347 gloria
685 2263 723 2321 ab
738 2261 793 2322 illo
808 2278 889 2338 tota,
905 2278 940 2322 ut
952 2262 1006 2342 qui
1016 2256 1212 2320 Mezentium
1223 2261 1270 2318 in-

220 2347 386 2406 terfecerit.

262 2435 306 2512 14.
324 2438 351 2496 Ο
365 2438 420 2494 viri
425 2481 435 2508 ‚
455 2419 618 2516 quiaeum
631 2439 765 2500 ducibus
778 2453 900 2500 tantum
913 2437 1067 2520 loquitur,
1088 2450 1119 2497 et
1135 2436 1272 2516 proceri·

219 2560 327 2610 minime
354 2555 543 2607 sacrificarent.
578 2559 604 2609 si
630 2574 720 2612 tamen

219 2639 393 2706 contingeret,
400 2648 430 2686 ut
437 2654 495 2686 unos
500 2637 648 2708 eodemque
657 2656 721 2692 teur-

219 2719 285 2788 pore
295 2715 475 2764 funestaretur
487 2715 560 2782 quis,
573 2728 599 2766 et
609 2721 729 2787 eogere-'

218 2811 262 2848 tur
272 2812 381 2865 operam
392 2791 455 2844 dare
466 2792 615 2861 sacrificiis,
629 2797 720 2849 elabo-

217 2878 308 2942 rabat,
332 2886 360 2924 ut
382 2887 442 2924 ante
464 2891 540 2924 sacra
560 2875 718 2945 compleret,

218 2953 719 3029 quarnfunusagnosceret.Secundum

218 3056 295 3109 quem
310 3035 389 3084 ritum
407 3035 486 3083 etiam
502 3033 598 3084 AEneas
614 3033 719 3084 induci·
750 3061 753 3071 ‹

216 3131 260 3168 tur
275 3126 335 3166 ante
354 3129 461 3181 operam
480 3110 545 3162 dare
565 3111 716 3163 sacrifieiis:

216 3197 292 3248 etsie
306 3191 340 3242 ad
353 3193 486 3240 sociorum
498 3203 523 3241 et
536 3189 661 3242 Pallantis
675 3209 718 3242 se-
731 3218 734 3226 ·

215 3275 350 3346 pulturam
364 3272 467 3320 reverti.
481 3265 552 3321 Seru.

253 3355 277 3405 3.
289 3349 463 3418 Proeoipitant.
477 3352 596 3422 Urgent.-
608 3350 717 3422 longam

217 3434 286 3486 enim
297 3428 452 3479 dilationem
462 3429 597 3500 sepultura
606 3449 660 3482 non
670 3450 718 3501 pa-

215 3513 288 3562 titun
304 3535 339 3544 -
357 3505 521 3577 Turbataque
531 3507 628 3576 funere
645 3505 740 3563 menss

214 3602 257 3644 est.
270 3589 373 3658 Funere
386 3583 521 3636 Pallantis.
539 3587 595 3638 Kmr'
612 3585 694 3654 ἐξοχιῖν
708 3609 714 3638 :

214 3687 276 3720 nam
285 3676 324 3716 est
332 3662 388 3713 haee
396 3664 562 3714 consuetudo
572 3667 643 3736 apud
651 3687 715 3738 poe-

215 3761 270 3810 tas,
283 3757 312 3794 ut
324 3761 339 3792 a
353 3739 432 3810 plebe
445 3757 583 3815 segregent
595 3745 686 3798 duces.
712 3781 715 3785 -

252 3843 276 3894 7.
295 3821 417 3872 Exuvias.
432 3822 568 3876 aaronitas
584 3825 714 3878 Mezentio

216 3899 714 3974 detractam.-Tibi,maqnetropoeum,

217 3983 381 4053 Bellipotens.
393 3979 505 4037 Videtur
514 3983 663 4053 interrupta
671 3983 715 4036 de-

765 2563 890 2632 scriptio:
901 2559 953 2611 hoc
963 2579 1012 2631 per
1021 2556 1206 2630 parenthesim
1218 2555 1272 2606 die·

764 2652 820 2691 tum
835 2653 875 2691 est
890 2638 1144 2710 etvprosp‘honesin,
1166 2651 1193 2687 et
1207 2647 1271 2706 post

764 2719 884 2771 reddita:
903 2739 997 2792 muqne
1013 2730 1100 2770 autem
1117 2717 1272 2787 bellipotens

765 2802 953 2857 antonomasia,
962 2819 1010 2870 per
1020 2797 1073 2848 duo
1085 2796 1204 2870 epitheta
1212 2797 1269 2846 sine

763 2879 964 2930 nomine-Serv.

799 2975 824 3025 9.
847 2957 960 3028 Telaque
976 2969 1067 3008 trunca
1086 2957 1142 3006 viri.
1166 2955 1199 3006 Id
1216 2968 1270 3019 est,

763 3037 914 3105 perfracta:
937 3037 975 3086 ita
997 3037 1067 3087 enim
1090 3037 1117 3084 in
1141 3032 1271 3104 trophaeis

762 3115 828 3183 poni
841 3127 1011 3166 consuerunt.
1033 3112 1081 3164 Vel
1095 3123 1190 3162 trunca
1203 3113 1270 3177 tela,

763 3209 821 3262 quse
838 3192 871 3244 de
889 3211 936 3243 suo
957 3191 1049 3262 clypeo
1069 3191 1187 3262 legeret:
1205 3191 1270 3243 ideo

763 3273 834 3322 enim
857 3283 962 3336 trunca,
981 3271 1057 3342 quod
1075 3270 1268 3322 in=evellenclo

761 3351 910 3419 praefracta.
923 3351 993 3401 Seru.
1002 3379 1038 3390 ·-
1045 3350 1147 3400 Bissex.
1157 3349 1270 3416 Quanta

761 3431 801 3479 vis
818 3429 869 3480 fuit
887 3431 977 3493 istius,
998 3431 1044 3499 qui
1059 3427 1221 3495 duodecim,
1239 3429 1269 3481 id

762 3519 815 3571 est,
835 3507 925 3558 multis
938 3507 1024 3578 plagis
1040 3505 1128 3557 occidi
1144 3525 1200 3557 non
1214 3526 1268 3578 po·

760 3589 827 3638 tuit?
844 3607 907 3639 nam
922 3589 950 3638 in
968 3599 1061 3658 aperto
1076 3587 1172 3658 jugulo
1185 3590 1269 3658 perit.

759 3666 847 3718 Caesar
856 3667 903 3718 lib.
917 3668 966 3731 111,
977 3665 1040 3717 bell.
1054 3667 1104 3717 civ.
1120 3687 1131 3711 κ
1142 3679 1220 3717 scuto
1231 3666 1267 3718 ad

760 3765 820 3800 eum
832 3745 917 3798 relato
930 3745 1023 3797 Scaeva
1034 3747 1213 3812 centurionis,
1224 3749 1266 3798 in·

759 3839 839 3880 venta
850 3827 946 3876 suntin
955 3845 986 3878 eo
999 3827 1134 3878 foramina
1144 3825 1265 3880 ducenta

760 3906 868 3976 triginta
878 3925 908 3956 »t
928 3917 958 3957 ut
973 3906 1049 3976 Epig.
1071 3904 1167 3955 dentati
1183 3899 1264 3956 πολῦ-

760 4003 847 4054 rptrnr.
