2726 4592
219 312 282 378 330
393 311 510 376 VITA
534 312 568 374 P.
592 309 825 374 VIRGlLll
849 311 1082 379 MARONIS

217 432 334 508 solum,
344 433 527 520 sedlegibus
537 443 567 492 et
576 432 727 492 institutis
736 431 815 492 alter
825 433 927 510 initia,
939 433 1016 494 alter
1025 438 1265 498 conversionem

218 535 376 584 tantarum
389 545 491 584 rerum
505 522 662 582 firmaret:
677 535 771 602 atque
784 523 815 582 id
828 524 921 584 etiam
933 527 1073 603 accessit,
1088 539 1124 586 ut
1135 526 1218 588 alter
1230 547 1267 587 ex

218 611 314 674 altero
327 615 480 694 originem
495 611 635 686 duceret,
649 625 680 672 et
694 612 848 694 quidquid
860 614 941 693 juris
953 615 1063 676 AEneas
1077 615 1118 677 ad
1133 635 1266 698 regnen-

217 699 293 760 dum
306 714 336 760 et
347 703 441 761 arinis
451 714 480 760 et
489 703 628 762 Deorum
638 701 723 765 dono
734 701 793 762 sibi
804 718 984 784 paraverat,
994 703 1027 764 id
1038 705 1076 766 ad
1088 708 1265 788 Augustum

216 791 389 854 hereditate
399 791 534 874 quadam
547 791 753 852 delaberetur.
762 793 823 851 Tot
832 791 982 874 denique,
992 806 1056 854 tam
1066 797 1162 858 variis
1171 797 1266 858 linea-

216 882 346 956 mentis,
361 883 394 942 in
409 879 503 942 heroe
517 902 574 940 suo
589 900 682 941 suum
697 881 869 962 principem
884 882 1035 962 Virgilius
1048 885 1217 965 expressit,
1235 896 1270 944 ut

215 969 251 1028 in
264 969 360 1028 AEnea
373 967 463 1030 velut
476 971 509 1028 in
525 968 666 1050 speculo,
685 980 715 1027 et
730 970 886 1048 Augustus
902 969 1027 1050 ipsese,
1047 983 1078 1030 et
1091 972 1268 1051 Augustum
1349 1001 1350 1020 .

216 1059 350 1120 Romani
363 1081 429 1120 non
441 1079 609 1140 agnoscere
621 1079 684 1118 non
697 1069 834 1140 possent.

257 1146 364 1224 Quum
376 1153 470 1232 igitur
482 1147 521 1210 ad
534 1148 565 1208 id
579 1151 736 1230 Augustus
750 1148 836 1208 omni
851 1158 881 1208 et
893 1148 1098 1210 consiliorum
1113 1159 1271 1230 apparatu

218 1247 248 1295 et
257 1237 341 1298 mole
350 1237 505 1300 bellorum
516 1252 679 1322 spectaret,
691 1252 727 1298 ut
736 1257 903 1298 romanum
915 1239 1087 1318 imperium
1099 1235 1141 1296 ad
1154 1257 1271 1298 novem

217 1323 354 1387 formam
373 1328 517 1412 lingeret,
539 1349 576 1388 eo
596 1347 723 1409 quoque
742 1325 898 1408 quidquid
920 1329 954 1388 in
974 1325 1102 1386 AEneide
1122 1341 1272 1388 narratur

217 1418 375 1497 pertinere
393 1420 494 1480 voluit
511 1418 675 1498 Virgilius,
697 1430 733 1476 ut
748 1414 917 1496 Trojanum
938 1418 1107 1498 imperium
1124 1417 1161 1478 in
1179 1415 1272 1478 ltalia

219 1503 415 1566 conderetur.
431 1509 500 1568 Hoc
513 1527 612 1566 unum
625 1518 690 1566 tota
703 1504 830 1564 AEneide
841 1505 959 1586 agitur3
972 1525 1041 1586 quae
1053 1503 1184 1585 quidem
1198 1525 1273 1586 pro-

218 1594 313 1671 positi
326 1594 510 1677 simplicitas
522 1607 552 1654 et
561 1615 664 1654 rerum
677 1593 843 1675 dignitate,
855 1607 885 1654 et
894 1609 1062 1656 eventuum
1074 1592 1272 1654 admirabili-

219 1694 293 1756 tate,
304 1698 334 1743 et
341 1686 489 1745 narrandi
499 1686 769 1746 verisimilitudine
776 1700 807 1744 et
813 1683 1012 1766 jucunditate
1021 1684 1274 1744 commendatur.

261 1773 329 1832 Hoc
342 1789 447 1834 autern
458 1777 539 1834 tanti
551 1775 672 1834 consilii
688 1796 801 1856 poema
813 1774 889 1836 dum
902 1774 1059 1849 scriberet,
1072 1795 1112 1834 ne
1125 1771 1204 1854 quid
1218 1774 1274 1830 im·
1353 1822 1354 1846 ,

218 1870 329 1936 petum
345 1875 534 1938 moraretur,
555 1860 699 1944 quaedam
713 1861 893 1942 imperfecta
908 1862 1051 1942 reliquit;
1072 1860 1134 1921 alia
1151 1859 1274 1920 levissi·
1353 1855 1354 1880 ¹

220 1945 280 2002 mis
298 1949 439 2008 versibus
458 1961 581 2011 tanturn
603 1951 690 2030 quasi
710 1949 894 2024 delineavit,
916 1971 994 2031 quos
1014 1970 1071 2030 per
1086 1947 1196 2030 jocum
1216 1967 1274 2028 pro

220 2031 330 2112 tigillis
344 2057 378 2096 ac
390 2036 575 2098 tibicinibus
586 2040 724 2119 supponi
736 2060 753 2097 a
766 2060 796 2098 se
808 2039 932 2100 dicebat
944 2039 982 2098 ad
993 2037 1192 2098 fulciendum
1204 2034 1275 2096 aedi·
1354 2052 1355 2122 l

220 2119 343 2198 ficium,
358 2126 456 2188 donec
470 2129 627 2188 columna
642 2127 834 2190 advenirent.
847 2128 940 2206 Quod
956 2128 1083 2210 quidem
1099 2147 1182 2208 opus
1197 2140 1275 2185 trac·

220 2213 299 2270 tavit
312 2235 367 2296 per
379 2216 544 2278 duodecim
560 2238 673 2293 annos,
693 2215 818 2279 abditus
833 2219 897 2280 fere
911 2239 1037 2280 amoeno
1051 2219 1170 2300 partim
1185 2217 1275 2276 Cam·

221 2302 339 2380 paniae,
352 2307 467 2385 partim
480 2307 593 2368 Siciliae
606 2328 733 2368 secessu.

261 2393 361 2452 Tanta
375 2394 437 2455 fuit
450 2393 533 2456 fama
546 2397 598 2454 vix
612 2394 765 2458 inchoatae
778 2395 938 2472 AEneidos,
955 2409 990 2456 ut
1000 2394 1067 2478 jam
1082 2408 1151 2455 tum
1167 2394 1275 2453 Sextus
1354 2403 1356 2480 ς

222 2481 403 2564 Propertius
418 2486 654 2560 exclamaverit3

365 2642 459 2695 Gedite
470 2646 585 2696 Romani
597 2644 759 2714 Scriptores,
773 2641 860 2694 cedite
872 2643 945 2694 Graii
957 2662 963 2690 ι

401 2724 499 2776 Nescio
513 2725 578 2796 quid
589 2726 675 2794 majus
686 2725 806 2774 nascitur
818 2722 908 2774 llisde.

264 2873 420 2954 Augustus
438 2898 513 2938 vero
533 2899 629 2958 quum
649 2876 731 2936 forte
752 2873 837 2934 bello
859 2872 1046 2932 Cantabrico
1068 2863 1289 2942 detinerettui,

227 2961 487 3047 supplicibusque
506 2980 537 3026 et
555 2963 729 3024 minacibus
743 2964 838 3021 etiam
852 2981 909 3041 per
919 2957 1028 3039 jocum
1044 2957 1144 3018 literis
1159 2955 1279 3038 efflagi-
1355 3007 1356 3030 ,

225 3061 319 3127 taret,
337 3068 375 3113 ut
392 3055 451 3115 sibi
469 3055 509 3114 de
525 3052 652 3113 AEneide
670 3054 763 3129 (nam
776 3053 873 3132 ipsius
888 3045 984 3108 verba
998 3048 1088 3124 sunt)
1106 3045 1156 3104 vel
1176 3047 1280 3131 prima

225 3143 371 3202 carminis
380 3141 603 3224 hypographa,
621 3140 671 3200 vel
681 3139 810 3220 aliquod
825 3137 919 3199 colon
930 3135 1080 3208 mitteret,
1100 3135 1232 3214 negavit
1247 3151 1281 3192 se

224 3228 383 3290 facturum
403 3247 512 3314 poeta,
534 3232 665 3291 minime
689 3231 736 3289 sui
758 3239 945 3298 ostentator,
972 3223 1102 3306 epistole
1124 3221 1279 3303 quadam,

226 3313 314 3394 cujus
324 3313 405 3379 hanc
415 3319 602 3400 particulam
613 3318 652 3378 ad
660 3339 716 3378 nos
725 3313 1098 3382 transmisitldacrobius;
1112 3333 1126 3365 a
1137 3309 1177 3368 de
1185 3312 1281 3369 AEnoa

227 3427 241 3457 a
252 3403 382 3483 quidem
401 3429 486 3483 meo,
506 3412 532 3469 si
552 3407 726 3469 mehercule
741 3405 808 3487 jam
827 3405 959 3484 dignum
979 3401 1107 3462 auribus
1129 3397 1281 3458 haberem

228 3514 242 3543 u
253 3491 329 3562 tuis,
340 3490 474 3554 libenter
487 3499 655 3558 mitterem.
666 3495 724 3557 Sed
739 3507 826 3554 tanta
839 3490 1047 3568 inchoatores
1059 3497 1119 3559 est,
1140 3499 1178 3546 ut
1193 3504 1282 3567 pame

229 3578 333 3636 «vitio
345 3585 457 3642 mentis
468 3597 591 3646 tantum
605 3606 684 3666 opus
696 3586 854 3664 ingressus
863 3579 943 3642 mibi
955 3577 1078 3651 videar3
1092 3595 1194 3657 quum
1207 3595 1284 3656 pree·

191 3712 194 3717 .
231 3691 244 3722 a
255 3667 378 3740 sertim,
390 3687 426 3730 ut
437 3675 509 3748 scis,
525 3674 584 3732 alia
599 3694 724 3754 quoque
737 3673 841 3733 studia
855 3668 894 3730 ad
909 3669 942 3728 id
957 3689 1036 3750 opus
1049 3664 1216 3746 multoque
1228 3683 1283 3745 po-

232 3779 245 3810 o
256 3755 338 3814 tiore
355 3757 550 3840 impertiar.»
573 3764 684 3824 Eidem
706 3776 811 3823 tamen
831 3756 986 3840 Augusto,
1010 3756 1175 3838 aliquanto
1198 3763 1284 3835 post,

230 3843 418 3923 secundum,
433 3864 595 3930 quartum,
608 3867 638 3914 et
649 3867 769 3913 sextum
784 3849 884 3910 libros
895 3849 1040 3908 recitasse
1053 3845 1187 3918 dicitur;
1198 3841 1285 3904 bunc

231 3943 337 3991 autern
348 3937 518 4018 praecipue,
530 3955 567 4000 ut
578 3943 718 4002 Octaviae
728 3938 967 4022 gratificaretur3
981 3957 1051 4017 quae
1063 3953 1164 4016 quum
1175 3933 1284 3992 recita-

232 4021 313 4080 tioni
330 4021 504 4102 interesset,
527 4031 566 4089 ad
583 4029 656 4092 illos
672 4031 710 4090 de
726 4031 793 4092 filio
810 4049 868 4090 suo
884 4025 1033 4088 Marcello
1051 4044 1176 4098 versus,
1195 4032 1283 4082 tanto
