2742 4596
273 285 972 356 coutcmusnsuuscmrrts.
1078 294 1143 373 aar

101 407 142 473 D.
162 411 204 470 Ν.
217 410 385 472 Constantio
396 412 432 470 P.
449 413 484 470 F.
502 411 534 471 C.
546 411 631 470 P..P.
647 410 798 488 (Patrono
813 410 1002 472 Faciendum
1018 412 1149 474 Curatis

101 502 234 582 Propria
246 501 412 578 Pecunia),
423 500 535 581 quibus
545 498 641 560 literiS
652 499 799 580 siglisque
809 503 952 582 quamvis
961 504 1075 582 ignotis
1085 501 1158 579 hoc¹

65 653 72 668 ⁸
100 605 210 650 tamen
219 591 516 672 constareputabat,
526 610 589 650 esse
601 589 738 649 codicem
749 591 931 651 venerandae
941 589 1155 672 antiquitatis.

99 680 169 738 Nisi
183 699 255 739 vero
271 678 331 737 alia
344 679 503 757 opinionis
515 697 577 737 suae
595 676 790 738 firmamenta
804 677 929 754 habuit,
948 679 1006 740 hoc
1020 680 1148 762 quidem

103 767 233 841 unicum
247 764 343 824 fallax
361 779 391 824 et
404 768 498 824 inane
517 766 616 825 videri
635 778 752 846 potest,
771 769 923 847 quoniam
936 770 967 826 in
982 769 1086 828 codIce
1096 766 1149 828 ad-

101 855 236 915 modum
253 857 367 916 recenti
383 857 596 935 antiquiorum
611 853 764 914 librorum
781 856 966 938 subscriptio
981 862 1075 939 repeti
1091 877 1146 938 po·

101 947 181 1019 tuit,
195 958 333 1025 utsupra
344 941 410 1024 jam
423 944 485 1004 alio
500 944 569 1004 Ioco
583 944 831 1004 animadversum
844 961 896 1005 est.
908 947 1148 1006 Emendationes
1165 1017 1168 1020 .

101 1032 342 1180 ffirocficodice
356 1036 388 1094 in
405 1033 552 1116 Eclogam
569 1036 596 1094 X
611 1036 776 1116 proposuit
788 1035 951 1096 Adversar.
965 1035 1080 1111 XVIII,
1098 1037 1150 1108 16}

181 1142 222 1198 ,a
246 1165 253 1181 .

143 1328 197 1387 XI.
209 1325 451 1386 Memoravimus
467 1324 570 1385 adhuc
582 1323 702 1385 codices
713 1325 809 1385 Mstos
824 1329 958 1408 primum
975 1327 1148 1408 principes,

102 1428 172 1474 tum
187 1435 320 1495 quorum
335 1427 447 1474 veteres
459 1415 559 1473 critici
572 1415 763 1474 mentionem
778 1414 906 1476 fuciunt.
920 1415 1152 1496 Subjungemus

103 1502 289 1576 nonnullos,
303 1501 341 1561 ad
356 1499 595 1582 quorum'fidem
612 1515 752 1561 auctores
767 1501 923 1563 editionum
940 1505 1107 1563 criticorum
1121 1515 1152 1562 et

101 1589 289 1650 classicorum
302 1591 510 1649 recensionem
529 1610 618 1648 suam
633 1591 803 1650 instituisse
816 1589 966 1651 feruntur.
981 1593 1020 1652 Et
1034 1594 1152 1676 primas¹
1167 1664 1170 1670 Ι

104 1679 233 1760 quidem
250 1678 402 1760 editiones
416 1699 452 1736 cx
469 1675 631 1737 codicibus
647 1677 771 1738 fluxisse
787 1681 833 1738 nti
853 1695 938 1739 certa
957 1701 1005 1740 res
1025 1693 1086 1755 cst,
1106 1681 1151 1739 ita

103 1766 278 1827 dolendum
297 1779 341 1826 est
359 1787 424 1826 non
445 1785 533 1847 aeque
547 1766 680 1847 liquere,
700 1788 717 1826 c
736 1767 852 1849 quibus
869 1767 959 1828 codd.
972 1767 1034 1828 illae
1049 1768 1151 1828 ductae

102 1856 231 1918 fuerint.
248 1859 424 1938 Principem
440 1857 566 1938 quidem
582 1861 770 1934 Romanam,
786 1873 855 1940 post
869 1859 962 1936 alios,
977 1881 1035 1918 nec
1045 1873 1151 1919 tamen

103 1944 197 2005 valde
209 1943 326 2020 bonos,
337 1945 459 2004 codices
472 1962 681 2028 comparatott,
694 1968 731 2006 ex
742 1946 898 2030 Pomponii
909 1947 1088 2030 Insortonoti
1100 1944 1149 2023 (h.

104 2055 131 2094 e.
147 2034 224 2094 Julii
240 2035 406 2117 Pomponii
421 2037 513 2113 Laeti)
529 2035 627 2096 codice
643 2036 740 2096 luisse
754 2036 966 2108 emendatam,
982 2051 1078 2096 tuma
1093 2055 1152 2094 no·

104 2121 465 2205 bismonebitur,quum
475 2137 611 2183 veterum
621 2123 794 2183 editionum
804 2125 930 2184 annales
937 2123 1151 2194 conficiemus3

105 2233 170 2293 quo
185 2213 278 2272 etiam
296 2234 331 2272 ca
346 2211 536 2286 differimus,
552 2233 621 2293 quae
637 2212 675 2272 de
692 2213 918 2272 nonnullarum
936 2212 1066 2273 aliarum
1083 2233 1151 2271 saec.

104 2301 162 2360 XV
174 2298 347 2360 editionum
360 2300 499 2362 lontibus
514 2300 715 2360 memoranda
731 2299 892 2360 habemus.
911 2299 1051 2359 Praeclari
1066 2299 1153 2358 fuere

104 2390 242 2466 codices,
256 2392 294 2451 ad
308 2412 387 2472 cruos
401 2393 568 2472 Naugerius
580 2389 627 2449 ed.
638 2389 706 2448 AId.
718 2403 788 2450 tert.
807 2387 880 2463 1514
891 2389 1075 2450 emendavit.
1089 2390 1152 2446 Nec

104 2478 211 2537 minus
224 2477 364 2558 praeclari
376 2481 505 2538 Pieriam
522 2479 606 2536 1521.
621 2476 745 2536 Paullus
758 2477 919 2536 Manutius
930 2474 1096 2536 Mediceam
1107 2494 1154 2532 ex·

104 2568 231 2646 pressit,
251 2565 339 2638 1583,
354 2568 400 2627 uti
415 2565 588 2625 Palatinum
602 2565 816 2624 Commclinus
833 2565 917 2642 1699.
930 2565 1153 2626 Recensioncm

81 2707 85 2716 .
103 2657 151 2716 Jo.
164 2657 256 2714 Henr.
269 2652 414 2715 Boecleras
426 2654 465 2714 ad
477 2656 534 2714 Ms.
548 2651 696 2714 biblioth.
710 2654 928 2736 Argentinensis
939 2673 971 2714 se
986 2654 1154 2714 instituisse

104 2743 139 2802 in
160 2740 233 2802 edit.
246 2741 383 2802 Ulmensi
401 2743 473 2822 1698
488 2741 670 2823 profitetur:
690 2762 802 2822 parum
821 2755 922 2799 tamen
943 2739 1062 2800 fructus
1081 2738 1157 2800 inde

105 2831 145 2890 ad
159 2830 326 2911 Virgilium
343 2833 493 2913 pervenit.
507 2832 551 2888 Ex
567 2833 619 2892 Ge.
635 2831 762 2890 Fabricii
781 2831 982 2910 castigatione
1001 2844 1031 2889 et
1046 2827 1154 2888 Theod.

104 2915 270 2980 Pulmonni
291 2919 485 2994 recensIone,
508 2931 617 2978 neutra
641 2933 743 2978 tamen
764 2918 802 2977 ad
824 2937 922 2978 novos
943 2916 1033 2976 codd.
1051 2917 1154 2987 facta,

105 3007 339 3084 fluxerantfere
353 3008 540 3088 exemplaria
558 3007 682 3086 vulgata
699 3009 820 3081 omnia,
833 3025 902 3088 quae
917 3026 1015 3084 usque
1032 3003 1071 3063 ad
1085 3005 1154 3062 Nic.

106 3098 272 3156 Heinsium
295 3095 439 3156 manibus
453 3093 647 3168 terebantur3
664 3096 894 3156 Pulmanniana
913 3091 1039 3173 quidem
1061 3092 1154 3152 lectio

107 3187 261 3266 regnabat
275 3187 306 3244 in
317 3185 602 3266 Antwerpiensibus
616 3185 836 3259 Elzevirianis,
849 3199 879 3244 et
893 3183 1000 3242 ceteris
1014 3179 1153 3262 Belgicis.

106 3275 145 3334 In
164 3273 213 3334 his
230 3297 246 3333 a
260 3279 340 3336 Dan.
355 3275 478 3334 Heinsio
494 3273 641 3354 profectae
655 3274 725 3333 edd.
741 3273 889 3355 majorem
907 3271 985 3332 adeo
1002 3271 1155 3330 incuriam

106 3365 258 3448 produnt.
268 3366 395 3452 'Bonum
409 3362 540 3422 facturn!
556 3367 703 3425 successit
713 3368 784 3428 Nic.
795 3365 943 3424 Heinsius.

480 3495 597 3557 Codices
615 3498 782 3557 Heinsioni.

150 3629 360 3710 XII.Triginta
369 3631 434 3690 Nic.
445 3587 590 3689 Heinsius
600 3627 834 3709 annosVirgiIio
843 3625 1029 3688 recensendo
1041 3626 1158 3706 impen-

109 3717 190 3778 disse
204 3729 234 3777 et
247 3717 311 3777 fere
325 3719 408 3777 XXX
422 3718 543 3778 codices
554 3717 748 3778 consuluisse
765 3730 918 3777 narratur.
931 3716 976 3774 Ex
990 3713 1037 3772 his
1052 3715 1155 3773 aBur·

108 3825 228 3865 manno
242 3807 274 3865 in
290 3805 376 3887 praef.
390 3805 428 3864 ad
439 3807 604 3888 Virgilium
622 3821 783 3888 sequentes
798 3815 1104 3866 commemorantur:
1152 3823 1155 3830 ·

149 3892 314 3966 Mediocris,
330 3907 359 3952 et

154 3983 330 4056 Vaticanus,
352 3980 428 4042 alter
446 3967 500 4044 ille
513 4006 553 4044 n.
574 3982 666 4064 3867,
684 4003 775 4064 quem
797 3996 900 4080 tamen
919 3982 985 4063 ipse
1003 3975 1086 4037 haud
1107 3978 1158 4036 in·
