<?xml version="1.0" encoding="UTF-8"?>
<!DOCTYPE html PUBLIC "-//W3C//DTD XHTML 1.0 Transitional//EN"
    "http://www.w3.org/TR/xhtml1/DTD/xhtml1-transitional.dtd">
<html xmlns="http://www.w3.org/1999/xhtml" xml:lang="en" lang="en">
 <head>
  <title>
</title>
<meta http-equiv="Content-Type" content="text/html;charset=utf-8" />
  <meta name='ocr-system' content='tesseract 3.04.00' />
  <meta name='ocr-capabilities' content='ocr_page ocr_carea ocr_par ocr_line ocrx_word'/>
</head>
<body>
  <div class='ocr_page' id='page_1' title='image "./pvirgiliusmaroq06barbgoog_0154.png"; bbox 0 0 2704 4582; ppageno 0'>
   <div class='ocr_carea' id='block_1_1' title="bbox 236 267 940 344">
    <p class='ocr_par' dir='ltr' id='par_1_1' title="bbox 236 267 940 344">
     <span class='ocr_line' id='line_1_1' title="bbox 236 267 940 344; baseline -0.01 -9"><span class='ocrx_word' id='word_1_1' title='bbox 236 267 298 344; x_wconf 74' lang='lat' dir='ltr'>,llo</span> <span class='ocrx_word' id='word_1_2' title='bbox 562 267 940 332; x_wconf 78' lang='lat' dir='ltr'><strong>COMMENTARIA</strong></span> 
     </span>
    </p>
   </div>
   <div class='ocr_carea' id='block_1_2' title="bbox 233 387 1298 2520">
    <p class='ocr_par' dir='ltr' id='par_1_2' title="bbox 233 387 1296 819">
     <span class='ocr_line' id='line_1_2' title="bbox 233 387 1294 470; baseline 0.004 -26"><span class='ocrx_word' id='word_1_3' title='bbox 233 401 364 448; x_wconf 89' lang='lat' dir='ltr'>cernunt</span> <span class='ocrx_word' id='word_1_4' title='bbox 379 389 539 448; x_wconf 87' lang='lat' dir='ltr'>redeuutes</span> <span class='ocrx_word' id='word_1_5' title='bbox 555 389 593 448; x_wconf 88' lang='lat' dir='ltr'>ad</span> <span class='ocrx_word' id='word_1_6' title='bbox 611 410 660 463; x_wconf 90' lang='lat' dir='ltr'>se,</span> <span class='ocrx_word' id='word_1_7' title='bbox 679 390 763 469; x_wconf 80' lang='lat' dir='ltr'><strong>turpi</strong></span> <span class='ocrx_word' id='word_1_8' title='bbox 780 387 854 469; x_wconf 82' lang='lat' dir='ltr'>fuga</span> <span class='ocrx_word' id='word_1_9' title='bbox 869 390 989 470; x_wconf 89' lang='lat' dir='ltr'>elapsos</span> <span class='ocrx_word' id='word_1_10' title='bbox 1006 388 1135 463; x_wconf 88' lang='lat' dir='ltr'>abello,</span> <span class='ocrx_word' id='word_1_11' title='bbox 1158 401 1294 448; x_wconf 87' lang='lat' dir='ltr'>etcum</span> 
     </span>
     <span class='ocr_line' id='line_1_3' title="bbox 234 476 1295 560; baseline 0.004 -29"><span class='ocrx_word' id='word_1_12' title='bbox 234 476 415 540; x_wconf 86' lang='lat' dir='ltr'>vulneribus</span> <span class='ocrx_word' id='word_1_13' title='bbox 425 484 457 538; x_wconf 91' lang='lat' dir='ltr'>in</span> <span class='ocrx_word' id='word_1_14' title='bbox 467 494 563 560; x_wconf 79' lang='lat' dir='ltr'>tergo.</span> <span class='ocrx_word' id='word_1_15' title='bbox 579 481 680 556; x_wconf 86' lang='lat' dir='ltr'>Quare</span> <span class='ocrx_word' id='word_1_16' title='bbox 690 492 759 538; x_wconf 86' lang='lat' dir='ltr'>nato</span> <span class='ocrx_word' id='word_1_17' title='bbox 767 481 883 559; x_wconf 86' lang='lat' dir='ltr'>sospite,</span> <span class='ocrx_word' id='word_1_18' title='bbox 896 476 996 537; x_wconf 81' lang='lat' dir='ltr'>dicem</span> <span class='ocrx_word' id='word_1_19' title='bbox 1007 480 1040 537; x_wconf 90' lang='lat' dir='ltr'>in</span> <span class='ocrx_word' id='word_1_20' title='bbox 1051 481 1144 539; x_wconf 89' lang='lat' dir='ltr'>notis.</span> <span class='ocrx_word' id='word_1_21' title='bbox 1155 480 1270 557; x_wconf 79' lang='lat' dir='ltr'><strong>Pergit</strong></span> <span class='ocrx_word' id='word_1_22' title='bbox 1283 501 1295 551; x_wconf 82' lang='lat'>3</span> 
     </span>
     <span class='ocr_line' id='line_1_4' title="bbox 236 561 1296 650; baseline 0.004 -30"><span class='ocrx_word' id='word_1_23' title='bbox 236 561 282 622; x_wconf 78' lang='lat' dir='ltr'>lei</span> <span class='ocrx_word' id='word_1_24' title='bbox 294 563 367 624; x_wconf 78' lang='lat' dir='ltr'>milri</span> <span class='ocrx_word' id='word_1_25' title='bbox 380 582 540 650; x_wconf 84' lang='lat' dir='ltr'>qnantum,</span> <span class='ocrx_word' id='word_1_26' title='bbox 554 580 608 626; x_wconf 89' lang='lat' dir='ltr'>etc.</span> <span class='ocrx_word' id='word_1_27' title='bbox 621 566 707 626; x_wconf 89' lang='lat' dir='ltr'>Nihil</span> <span class='ocrx_word' id='word_1_28' title='bbox 720 568 825 648; x_wconf 91' lang='lat' dir='ltr'>potuit</span> <span class='ocrx_word' id='word_1_29' title='bbox 837 567 970 628; x_wconf 86' lang='lat' dir='ltr'>vividius</span> <span class='ocrx_word' id='word_1_30' title='bbox 983 565 1022 626; x_wconf 88' lang='lat' dir='ltr'>ad</span> <span class='ocrx_word' id='word_1_31' title='bbox 1034 568 1296 627; x_wconf 87' lang='lat' dir='ltr'>commiseratio-</span> 
     </span>
     <span class='ocr_line' id='line_1_5' title="bbox 236 651 1294 736; baseline 0.001 -28"><span class='ocrx_word' id='word_1_32' title='bbox 236 672 324 726; x_wconf 87' lang='lat' dir='ltr'>nem,</span> <span class='ocrx_word' id='word_1_33' title='bbox 347 658 434 734; x_wconf 85' lang='lat' dir='ltr'>quasi</span> <span class='ocrx_word' id='word_1_34' title='bbox 458 657 490 714; x_wconf 89' lang='lat' dir='ltr'>in</span> <span class='ocrx_word' id='word_1_35' title='bbox 510 676 574 716; x_wconf 91' lang='lat' dir='ltr'>uno</span> <span class='ocrx_word' id='word_1_36' title='bbox 593 655 734 714; x_wconf 84' lang='lat' dir='ltr'>Pallante</span> <span class='ocrx_word' id='word_1_37' title='bbox 752 658 806 714; x_wconf 83' lang='lat' dir='ltr'>site</span> <span class='ocrx_word' id='word_1_38' title='bbox 829 675 895 735; x_wconf 88' lang='lat' dir='ltr'>spes</span> <span class='ocrx_word' id='word_1_39' title='bbox 915 652 1012 714; x_wconf 83' lang='lat' dir='ltr'>luturi</span> <span class='ocrx_word' id='word_1_40' title='bbox 1031 659 1136 736; x_wconf 82' lang='lat' dir='ltr'>regni,</span> <span class='ocrx_word' id='word_1_41' title='bbox 1165 668 1197 713; x_wconf 90' lang='lat' dir='ltr'>et</span> <span class='ocrx_word' id='word_1_42' title='bbox 1218 651 1294 712; x_wconf 90' lang='lat' dir='ltr'>Iuli</span> 
     </span>
     <span class='ocr_line' id='line_1_6' title="bbox 237 739 346 819; baseline 0.028 -21"><span class='ocrx_word' id='word_1_43' title='bbox 237 739 346 819; x_wconf 78' lang='lat' dir='ltr'>gloria.</span> 
     </span>
    </p>

    <p class='ocr_par' dir='ltr' id='par_1_3' title="bbox 236 828 1298 1629">
     <span class='ocr_line' id='line_1_7' title="bbox 278 828 1292 914; baseline -0.002 -26"><span class='ocrx_word' id='word_1_44' title='bbox 278 830 325 909; x_wconf 89' lang='lat'>59.</span> <span class='ocrx_word' id='word_1_45' title='bbox 341 833 504 914; x_wconf 90' lang='lat' dir='ltr'>Postquam</span> <span class='ocrx_word' id='word_1_46' title='bbox 520 832 580 892; x_wconf 87' lang='lat' dir='ltr'>hoe</span> <span class='ocrx_word' id='word_1_47' title='bbox 590 832 667 891; x_wconf 87' lang='lat' dir='ltr'>dixit</span> <span class='ocrx_word' id='word_1_48' title='bbox 679 853 749 890; x_wconf 89' lang='lat' dir='ltr'>cum</span> <span class='ocrx_word' id='word_1_49' title='bbox 761 831 920 912; x_wconf 85' lang='lat' dir='ltr'>lacrymis,</span> <span class='ocrx_word' id='word_1_50' title='bbox 935 828 1080 890; x_wconf 87' lang='lat' dir='ltr'>namhoc</span> <span class='ocrx_word' id='word_1_51' title='bbox 1093 828 1292 912; x_wconf 83' lang='lat' dir='ltr'>estdeflevit,</span> 
     </span>
     <span class='ocr_line' id='line_1_8' title="bbox 237 918 1293 1004; baseline 0.001 -29"><span class='ocrx_word' id='word_1_52' title='bbox 237 919 367 1000; x_wconf 86' lang='lat' dir='ltr'>imperat</span> <span class='ocrx_word' id='word_1_53' title='bbox 379 943 490 1004; x_wconf 91' lang='lat' dir='ltr'>corpus</span> <span class='ocrx_word' id='word_1_54' title='bbox 505 922 583 995; x_wconf 82' lang='lat' dir='ltr'>tolli,</span> <span class='ocrx_word' id='word_1_55' title='bbox 596 921 710 982; x_wconf 89' lang='lat' dir='ltr'>scilicet</span> <span class='ocrx_word' id='word_1_56' title='bbox 722 922 753 980; x_wconf 90' lang='lat' dir='ltr'>in</span> <span class='ocrx_word' id='word_1_57' title='bbox 767 920 913 980; x_wconf 87' lang='lat' dir='ltr'>feretrum</span> <span class='ocrx_word' id='word_1_58' title='bbox 924 942 932 994; x_wconf 91' lang='lat'>;</span> <span class='ocrx_word' id='word_1_59' title='bbox 943 918 1064 1000; x_wconf 89' lang='lat' dir='ltr'>jacebat</span> <span class='ocrx_word' id='word_1_60' title='bbox 1075 922 1161 978; x_wconf 89' lang='lat' dir='ltr'>enim</span> <span class='ocrx_word' id='word_1_61' title='bbox 1176 921 1210 977; x_wconf 91' lang='lat' dir='ltr'>in</span> <span class='ocrx_word' id='word_1_62' title='bbox 1226 939 1293 999; x_wconf 86' lang='lat' dir='ltr'>pa-</span> 
     </span>
     <span class='ocr_line' id='line_1_9' title="bbox 237 1007 1291 1094; baseline 0 -29"><span class='ocrx_word' id='word_1_63' title='bbox 237 1010 394 1072; x_wconf 87' lang='lat' dir='ltr'>vimento:</span> <span class='ocrx_word' id='word_1_64' title='bbox 409 1034 482 1072; x_wconf 87' lang='lat' dir='ltr'>mox</span> <span class='ocrx_word' id='word_1_65' title='bbox 495 1013 620 1094; x_wconf 79' lang='lat' dir='ltr'>eligitur</span> <span class='ocrx_word' id='word_1_66' title='bbox 631 1013 812 1085; x_wconf 81' lang='lat' dir='ltr'>comitatus,</span> <span class='ocrx_word' id='word_1_67' title='bbox 831 1008 922 1070; x_wconf 89' lang='lat' dir='ltr'>ethic</span> <span class='ocrx_word' id='word_1_68' title='bbox 934 1024 978 1068; x_wconf 89' lang='lat' dir='ltr'>est</span> <span class='ocrx_word' id='word_1_69' title='bbox 990 1012 1160 1083; x_wconf 86' lang='lat' dir='ltr'>maximus,</span> <span class='ocrx_word' id='word_1_70' title='bbox 1174 1021 1211 1066; x_wconf 93' lang='lat' dir='ltr'>ut</span> <span class='ocrx_word' id='word_1_71' title='bbox 1228 1007 1291 1066; x_wconf 84' lang='lat' dir='ltr'>tle-</span> 
     </span>
     <span class='ocr_line' id='line_1_10' title="bbox 237 1096 1295 1182; baseline -0.002 -26"><span class='ocrx_word' id='word_1_72' title='bbox 237 1098 325 1178; x_wconf 81' lang='lat' dir='ltr'>cebat</span> <span class='ocrx_word' id='word_1_73' title='bbox 336 1101 517 1182; x_wconf 78' lang='lat' dir='ltr'>dignitatem</span> <span class='ocrx_word' id='word_1_74' title='bbox 531 1102 695 1166; x_wconf 84' lang='lat' dir='ltr'>Pallantis;</span> <span class='ocrx_word' id='word_1_75' title='bbox 709 1121 782 1160; x_wconf 82' lang='lat' dir='ltr'>nem</span> <span class='ocrx_word' id='word_1_76' title='bbox 794 1101 939 1180; x_wconf 82' lang='lat' dir='ltr'>leguntur</span> <span class='ocrx_word' id='word_1_77' title='bbox 951 1098 1036 1158; x_wconf 89' lang='lat' dir='ltr'>mille</span> <span class='ocrx_word' id='word_1_78' title='bbox 1048 1101 1124 1173; x_wconf 90' lang='lat' dir='ltr'>viri,</span> <span class='ocrx_word' id='word_1_79' title='bbox 1139 1096 1239 1178; x_wconf 85' lang='lat' dir='ltr'>hique</span> <span class='ocrx_word' id='word_1_80' title='bbox 1252 1117 1295 1154; x_wconf 82' lang='lat' dir='ltr'>ex</span> 
     </span>
     <span class='ocr_line' id='line_1_11' title="bbox 239 1185 1294 1271; baseline -0.001 -27"><span class='ocrx_word' id='word_1_81' title='bbox 239 1199 294 1246; x_wconf 83' lang='lat' dir='ltr'>toto</span> <span class='ocrx_word' id='word_1_82' title='bbox 313 1193 446 1271; x_wconf 76' lang='lat' dir='ltr'>npmine,</span> <span class='ocrx_word' id='word_1_83' title='bbox 465 1193 608 1253; x_wconf 86' lang='lat' dir='ltr'>videlicet</span> <span class='ocrx_word' id='word_1_84' title='bbox 622 1213 657 1250; x_wconf 84' lang='lat' dir='ltr'>ex</span> <span class='ocrx_word' id='word_1_85' title='bbox 673 1187 831 1270; x_wconf 87' lang='lat' dir='ltr'>Trojanis,</span> <span class='ocrx_word' id='word_1_86' title='bbox 852 1189 1005 1261; x_wconf 85' lang='lat' dir='ltr'>Etruscis,</span> <span class='ocrx_word' id='word_1_87' title='bbox 1026 1185 1208 1247; x_wconf 82' lang='lat' dir='ltr'>Arcadibus.</span> <span class='ocrx_word' id='word_1_88' title='bbox 1231 1185 1294 1264; x_wconf 76' lang='lat' dir='ltr'>Se-</span> 
     </span>
     <span class='ocr_line' id='line_1_12' title="bbox 238 1273 1295 1361; baseline -0.003 -29"><span class='ocrx_word' id='word_1_89' title='bbox 238 1277 344 1354; x_wconf 84' lang='lat' dir='ltr'>quitur</span> <span class='ocrx_word' id='word_1_90' title='bbox 355 1281 434 1339; x_wconf 90' lang='lat' dir='ltr'>ratio</span> <span class='ocrx_word' id='word_1_91' title='bbox 447 1280 577 1361; x_wconf 79' lang='lat' dir='ltr'>duplex,</span> <span class='ocrx_word' id='word_1_92' title='bbox 595 1300 652 1340; x_wconf 89' lang='lat' dir='ltr'>cur</span> <span class='ocrx_word' id='word_1_93' title='bbox 663 1290 727 1338; x_wconf 89' lang='lat' dir='ltr'>tam</span> <span class='ocrx_word' id='word_1_94' title='bbox 741 1277 896 1358; x_wconf 86' lang='lat' dir='ltr'>speciosus</span> <span class='ocrx_word' id='word_1_95' title='bbox 908 1279 1088 1336; x_wconf 84' lang='lat' dir='ltr'>comitatus:</span> <span class='ocrx_word' id='word_1_96' title='bbox 1109 1275 1212 1355; x_wconf 83' lang='lat' dir='ltr'>prior3</span> <span class='ocrx_word' id='word_1_97' title='bbox 1232 1273 1295 1352; x_wconf 86' lang='lat' dir='ltr'>qui</span> 
     </span>
     <span class='ocr_line' id='line_1_13' title="bbox 236 1358 1295 1448; baseline -0.004 -26"><span class='ocrx_word' id='word_1_98' title='bbox 236 1384 401 1445; x_wconf 84' lang='lat' dir='ltr'>supremum</span> <span class='ocrx_word' id='word_1_99' title='bbox 410 1373 584 1430; x_wconf 83' lang='lat' dir='ltr'>comitentur</span> <span class='ocrx_word' id='word_1_100' title='bbox 593 1367 728 1430; x_wconf 82' lang='lat' dir='ltr'>honorem</span> <span class='ocrx_word' id='word_1_101' title='bbox 740 1391 748 1426; x_wconf 91' lang='lat'>.·</span> <span class='ocrx_word' id='word_1_102' title='bbox 761 1367 927 1448; x_wconf 81' lang='lat' dir='ltr'>posterior,</span> <span class='ocrx_word' id='word_1_103' title='bbox 943 1367 1127 1444; x_wconf 78' lang='lat' dir='ltr'>intersintque</span> <span class='ocrx_word' id='word_1_104' title='bbox 1134 1363 1225 1444; x_wconf 86' lang='lat' dir='ltr'>putris</span> <span class='ocrx_word' id='word_1_105' title='bbox 1241 1358 1295 1418; x_wconf 85' lang='lat' dir='ltr'>la-</span> 
     </span>
     <span class='ocr_line' id='line_1_14' title="bbox 236 1447 1298 1538; baseline -0.001 -29"><span class='ocrx_word' id='word_1_106' title='bbox 236 1457 358 1532; x_wconf 76' lang='lat' dir='ltr'>crymis,</span> <span class='ocrx_word' id='word_1_107' title='bbox 373 1478 442 1537; x_wconf 82' lang='lat' dir='ltr'>quae</span> <span class='ocrx_word' id='word_1_108' title='bbox 453 1479 525 1517; x_wconf 80' lang='lat' dir='ltr'>sane</span> <span class='ocrx_word' id='word_1_109' title='bbox 536 1455 640 1518; x_wconf 82' lang='lat' dir='ltr'>solatia</span> <span class='ocrx_word' id='word_1_110' title='bbox 650 1458 756 1538; x_wconf 80' lang='lat' dir='ltr'>exiqna</span> <span class='ocrx_word' id='word_1_111' title='bbox 765 1467 873 1530; x_wconf 79' lang='lat' dir='ltr'>erunt,</span> <span class='ocrx_word' id='word_1_112' title='bbox 888 1453 925 1514; x_wconf 84' lang='lat' dir='ltr'>ad</span> <span class='ocrx_word' id='word_1_113' title='bbox 938 1455 1082 1534; x_wconf 80' lang='lat' dir='ltr'>inqentem</span> <span class='ocrx_word' id='word_1_114' title='bbox 1095 1449 1206 1512; x_wconf 82' lang='lat' dir='ltr'>luctum</span> <span class='ocrx_word' id='word_1_115' title='bbox 1213 1474 1225 1523; x_wconf 79' lang='lat'>‚-</span> <span class='ocrx_word' id='word_1_116' title='bbox 1237 1447 1298 1508; x_wconf 84' lang='lat' dir='ltr'>sed</span> 
     </span>
     <span class='ocr_line' id='line_1_15' title="bbox 237 1538 1077 1629; baseline 0.008 -31"><span class='ocrx_word' id='word_1_117' title='bbox 237 1538 332 1602; x_wconf 84' lang='lat' dir='ltr'>debita</span> <span class='ocrx_word' id='word_1_118' title='bbox 345 1548 447 1607; x_wconf 80' lang='lat' dir='ltr'>misem</span> <span class='ocrx_word' id='word_1_119' title='bbox 458 1551 543 1629; x_wconf 82' lang='lat' dir='ltr'>patri.</span> <span class='ocrx_word' id='word_1_120' title='bbox 1074 1569 1077 1578; x_wconf 67' lang='lat'><strong>⁴</strong></span> 
     </span>
    </p>

    <p class='ocr_par' dir='ltr' id='par_1_4' title="bbox 238 1631 1297 2160">
     <span class='ocr_line' id='line_1_16' title="bbox 284 1631 1294 1719; baseline -0.007 -27"><span class='ocrx_word' id='word_1_121' title='bbox 284 1631 332 1707; x_wconf 74' lang='lat' dir='ltr'>(id.</span> <span class='ocrx_word' id='word_1_122' title='bbox 352 1638 449 1698; x_wconf 87' lang='lat' dir='ltr'>Nemo</span> <span class='ocrx_word' id='word_1_123' title='bbox 467 1652 510 1698; x_wconf 88' lang='lat' dir='ltr'>est</span> <span class='ocrx_word' id='word_1_124' title='bbox 529 1641 629 1719; x_wconf 81' lang='lat' dir='ltr'>segnis</span> <span class='ocrx_word' id='word_1_125' title='bbox 650 1637 688 1696; x_wconf 88' lang='lat' dir='ltr'>ad</span> <span class='ocrx_word' id='word_1_126' title='bbox 707 1657 815 1712; x_wconf 87' lang='lat' dir='ltr'>vocem</span> <span class='ocrx_word' id='word_1_127' title='bbox 833 1634 1012 1716; x_wconf 83' lang='lat' dir='ltr'>imperantis</span> <span class='ocrx_word' id='word_1_128' title='bbox 1028 1633 1149 1690; x_wconf 84' lang='lat' dir='ltr'>AEneae:</span> <span class='ocrx_word' id='word_1_129' title='bbox 1178 1631 1294 1709; x_wconf 85' lang='lat' dir='ltr'>itaque</span> 
     </span>
     <span class='ocr_line' id='line_1_17' title="bbox 238 1717 1295 1808; baseline -0.003 -29"><span class='ocrx_word' id='word_1_130' title='bbox 238 1721 386 1784; x_wconf 87' lang='lat' dir='ltr'>feretrum</span> <span class='ocrx_word' id='word_1_131' title='bbox 405 1727 640 1808; x_wconf 79' lang='lat' dir='ltr'>diligentissime</span> <span class='ocrx_word' id='word_1_132' title='bbox 657 1742 765 1787; x_wconf 89' lang='lat' dir='ltr'>texunt</span> <span class='ocrx_word' id='word_1_133' title='bbox 783 1726 935 1799; x_wconf 82' lang='lat' dir='ltr'>cratibus,</span> <span class='ocrx_word' id='word_1_134' title='bbox 961 1736 991 1782; x_wconf 89' lang='lat' dir='ltr'>et</span> <span class='ocrx_word' id='word_1_135' title='bbox 1012 1723 1106 1802; x_wconf 77' lang='lat' dir='ltr'>virgis</span> <span class='ocrx_word' id='word_1_136' title='bbox 1127 1717 1231 1779; x_wconf 87' lang='lat' dir='ltr'>arbuti</span> <span class='ocrx_word' id='word_1_137' title='bbox 1255 1737 1295 1776; x_wconf 83' lang='lat' dir='ltr'>ac</span> 
     </span>
     <span class='ocr_line' id='line_1_18' title="bbox 240 1811 1297 1898; baseline -0.004 -28"><span class='ocrx_word' id='word_1_138' title='bbox 240 1833 385 1890; x_wconf 85' lang='lat' dir='ltr'>quercus;</span> <span class='ocrx_word' id='word_1_139' title='bbox 406 1829 498 1898; x_wconf 89' lang='lat' dir='ltr'>atque</span> <span class='ocrx_word' id='word_1_140' title='bbox 511 1820 591 1878; x_wconf 91' lang='lat' dir='ltr'>intra</span> <span class='ocrx_word' id='word_1_141' title='bbox 606 1819 755 1878; x_wconf 84' lang='lat' dir='ltr'>feretrum</span> <span class='ocrx_word' id='word_1_142' title='bbox 771 1832 856 1877; x_wconf 90' lang='lat' dir='ltr'>toros</span> <span class='ocrx_word' id='word_1_143' title='bbox 873 1825 1047 1886; x_wconf 87' lang='lat' dir='ltr'>exstruunt,</span> <span class='ocrx_word' id='word_1_144' title='bbox 1067 1811 1201 1891; x_wconf 89' lang='lat' dir='ltr'>illosque</span> <span class='ocrx_word' id='word_1_145' title='bbox 1214 1829 1297 1868; x_wconf 89' lang='lat' dir='ltr'>con·</span> 
     </span>
     <span class='ocr_line' id='line_1_19' title="bbox 241 1899 1293 1980; baseline -0.001 -25"><span class='ocrx_word' id='word_1_146' title='bbox 241 1915 397 1960; x_wconf 84' lang='lat' dir='ltr'>camerant</span> <span class='ocrx_word' id='word_1_147' title='bbox 410 1903 544 1964; x_wconf 88' lang='lat' dir='ltr'>obtentis</span> <span class='ocrx_word' id='word_1_148' title='bbox 555 1905 734 1966; x_wconf 70' lang='lat' dir='ltr'>frondibus</span> <span class='ocrx_word' id='word_1_149' title='bbox 750 1907 823 1964; x_wconf 84' lang='lat' dir='ltr'>Haec</span> <span class='ocrx_word' id='word_1_150' title='bbox 835 1904 1003 1964; x_wconf 88' lang='lat' dir='ltr'>sententia:</span> <span class='ocrx_word' id='word_1_151' title='bbox 1019 1899 1072 1958; x_wconf 86' lang='lat' dir='ltr'>sed</span> <span class='ocrx_word' id='word_1_152' title='bbox 1085 1900 1206 1980; x_wconf 89' lang='lat' dir='ltr'>poetice</span> <span class='ocrx_word' id='word_1_153' title='bbox 1218 1918 1293 1956; x_wconf 92' lang='lat' dir='ltr'>om-</span> 
     </span>
     <span class='ocr_line' id='line_1_20' title="bbox 241 1987 1296 2080; baseline -0.001 -35"><span class='ocrx_word' id='word_1_154' title='bbox 241 1990 311 2062; x_wconf 84' lang='lat' dir='ltr'>nia3</span> <span class='ocrx_word' id='word_1_155' title='bbox 329 2012 402 2051; x_wconf 88' lang='lat' dir='ltr'>nam</span> <span class='ocrx_word' id='word_1_156' title='bbox 413 2008 503 2055; x_wconf 82' lang='lat' dir='ltr'>crates</span> <span class='ocrx_word' id='word_1_157' title='bbox 514 2009 542 2056; x_wconf 88' lang='lat' dir='ltr'>et</span> <span class='ocrx_word' id='word_1_158' title='bbox 544 1998 685 2080; x_wconf 83' lang='lat' dir='ltr'>feretrum</span> <span class='ocrx_word' id='word_1_159' title='bbox 700 2009 814 2067; x_wconf 84' lang='lat' dir='ltr'>texunt,</span> <span class='ocrx_word' id='word_1_160' title='bbox 835 1993 916 2054; x_wconf 90' lang='lat' dir='ltr'>nihil</span> <span class='ocrx_word' id='word_1_161' title='bbox 928 2005 974 2052; x_wconf 88' lang='lat' dir='ltr'>est</span> <span class='ocrx_word' id='word_1_162' title='bbox 985 1989 1089 2063; x_wconf 83' lang='lat' dir='ltr'>aliud,</span> <span class='ocrx_word' id='word_1_163' title='bbox 1109 1987 1296 2070; x_wconf 84' lang='lat' dir='ltr'>quamfere·</span> 
     </span>
     <span class='ocr_line' id='line_1_21' title="bbox 241 2075 1294 2160; baseline -0.006 -22"><span class='ocrx_word' id='word_1_164' title='bbox 241 2086 317 2138; x_wconf 74' lang='lat' dir='ltr'>imm</span> <span class='ocrx_word' id='word_1_165' title='bbox 328 2082 595 2145; x_wconf 78' lang='lat' dir='ltr'>texuntecratihns:</span> <span class='ocrx_word' id='word_1_166' title='bbox 607 2097 636 2144; x_wconf 92' lang='lat' dir='ltr'>et</span> <span class='ocrx_word' id='word_1_167' title='bbox 645 2083 693 2144; x_wconf 84' lang='lat' dir='ltr'>hae</span> <span class='ocrx_word' id='word_1_168' title='bbox 704 2095 801 2144; x_wconf 79' lang='lat' dir='ltr'>crates</span> <span class='ocrx_word' id='word_1_169' title='bbox 810 2084 958 2156; x_wconf 79' lang='lat' dir='ltr'>arbuteae,</span> <span class='ocrx_word' id='word_1_170' title='bbox 970 2099 1110 2160; x_wconf 82' lang='lat' dir='ltr'>quernae,</span> <span class='ocrx_word' id='word_1_171' title='bbox 1121 2075 1294 2146; x_wconf 83' lang='lat' dir='ltr'>froudidae.</span> 
     </span>
    </p>

    <p class='ocr_par' dir='ltr' id='par_1_5' title="bbox 239 2165 1296 2520">
     <span class='ocr_line' id='line_1_22' title="bbox 280 2165 1296 2254; baseline -0.006 -28"><span class='ocrx_word' id='word_1_172' title='bbox 280 2169 328 2248; x_wconf 84' lang='lat'>67.</span> <span class='ocrx_word' id='word_1_173' title='bbox 345 2168 478 2250; x_wconf 90' lang='lat' dir='ltr'>Opificio</span> <span class='ocrx_word' id='word_1_174' title='bbox 494 2171 595 2248; x_wconf 88' lang='lat' dir='ltr'>facto,</span> <span class='ocrx_word' id='word_1_175' title='bbox 610 2175 663 2254; x_wconf 91' lang='lat' dir='ltr'>qui</span> <span class='ocrx_word' id='word_1_176' title='bbox 676 2173 819 2246; x_wconf 88' lang='lat' dir='ltr'>aderant,</span> <span class='ocrx_word' id='word_1_177' title='bbox 835 2167 1110 2254; x_wconf 80' lang='lat' dir='ltr'>portunt(verbum</span> <span class='ocrx_word' id='word_1_178' title='bbox 1120 2165 1296 2240; x_wconf 84' lang='lat' dir='ltr'>funerum)</span> 
     </span>
     <span class='ocr_line' id='line_1_23' title="bbox 239 2252 1296 2342; baseline -0.003 -29"><span class='ocrx_word' id='word_1_179' title='bbox 239 2252 384 2334; x_wconf 87' lang='lat' dir='ltr'>juvenem</span> <span class='ocrx_word' id='word_1_180' title='bbox 395 2259 426 2318; x_wconf 93' lang='lat' dir='ltr'>in</span> <span class='ocrx_word' id='word_1_181' title='bbox 437 2265 541 2342; x_wconf 77' lang='lat' dir='ltr'>apresti</span> <span class='ocrx_word' id='word_1_182' title='bbox 549 2265 700 2336; x_wconf 83' lang='lat' dir='ltr'>stramine,</span> <span class='ocrx_word' id='word_1_183' title='bbox 711 2259 900 2322; x_wconf 82' lang='lat' dir='ltr'>et&#39;sublimem</span> <span class='ocrx_word' id='word_1_184' title='bbox 905 2284 915 2332; x_wconf 93' lang='lat'>,·</span> <span class='ocrx_word' id='word_1_185' title='bbox 920 2256 1049 2337; x_wconf 85' lang='lat' dir='ltr'>jusserat</span> <span class='ocrx_word' id='word_1_186' title='bbox 1057 2255 1175 2334; x_wconf 91' lang='lat' dir='ltr'>quippe</span> <span class='ocrx_word' id='word_1_187' title='bbox 1182 2252 1296 2310; x_wconf 83' lang='lat' dir='ltr'>AEneas</span> 
     </span>
     <span class='ocr_line' id='line_1_24' title="bbox 244 2341 1295 2434; baseline -0.003 -33"><span class='ocrx_word' id='word_1_188' title='bbox 244 2341 316 2404; x_wconf 81' lang='lat' dir='ltr'>tolli.</span> <span class='ocrx_word' id='word_1_189' title='bbox 334 2349 477 2428; x_wconf 89' lang='lat' dir='ltr'>Sequitur</span> <span class='ocrx_word' id='word_1_190' title='bbox 488 2353 567 2417; x_wconf 85' lang='lat' dir='ltr'>mira</span> <span class='ocrx_word' id='word_1_191' title='bbox 581 2353 792 2434; x_wconf 88' lang='lat' dir='ltr'>comparatio:</span> <span class='ocrx_word' id='word_1_192' title='bbox 809 2349 910 2410; x_wconf 90' lang='lat' dir='ltr'>vidisti</span> <span class='ocrx_word' id='word_1_193' title='bbox 924 2348 1031 2408; x_wconf 85' lang='lat' dir='ltr'>llorem</span> <span class='ocrx_word' id='word_1_194' title='bbox 1046 2356 1098 2404; x_wconf 88' lang='lat' dir='ltr'>aut</span> <span class='ocrx_word' id='word_1_195' title='bbox 1113 2342 1223 2414; x_wconf 84' lang='lat' dir='ltr'>violae,</span> <span class='ocrx_word' id='word_1_196' title='bbox 1233 2354 1295 2399; x_wconf 79' lang='lat' dir='ltr'>aut</span> 
     </span>
     <span class='ocr_line' id='line_1_25' title="bbox 241 2428 1296 2520; baseline -0.004 -30"><span class='ocrx_word' id='word_1_197' title='bbox 241 2429 420 2514; x_wconf 85' lang='lat' dir='ltr'>hyacinthi,</span> <span class='ocrx_word' id='word_1_198' title='bbox 433 2443 482 2500; x_wconf 89' lang='lat' dir='ltr'>cui</span> <span class='ocrx_word' id='word_1_199' title='bbox 493 2439 595 2502; x_wconf 87' lang='lat' dir='ltr'>adbuc</span> <span class='ocrx_word' id='word_1_200' title='bbox 605 2444 728 2501; x_wconf 86' lang='lat' dir='ltr'>nativus</span> <span class='ocrx_word' id='word_1_201' title='bbox 737 2440 858 2520; x_wconf 77' lang='lat' dir='ltr'>fulgor,</span> <span class='ocrx_word' id='word_1_202' title='bbox 872 2452 902 2498; x_wconf 91' lang='lat' dir='ltr'>et</span> <span class='ocrx_word' id='word_1_203' title='bbox 910 2436 1037 2519; x_wconf 86' lang='lat' dir='ltr'>propria</span> <span class='ocrx_word' id='word_1_204' title='bbox 1046 2428 1296 2512; x_wconf 87' lang='lat' dir='ltr'>pulchritudinis</span> 
     </span>
    </p>
   </div>
   <div class='ocr_carea' id='block_1_3' title="bbox 242 2542 1298 4062">
    <p class='ocr_par' dir='ltr' id='par_1_6' title="bbox 242 2542 1298 3427">
     <span class='ocr_line' id='line_1_26' title="bbox 280 2542 1295 2626; baseline -0.013 -23"><span class='ocrx_word' id='word_1_205' title='bbox 280 2549 510 2624; x_wconf 60' lang='lat' dir='ltr'>Sollertique,</span> <span class='ocrx_word' id='word_1_206' title='bbox 529 2567 575 2606; x_wconf 84' lang='lat' dir='ltr'>ete.</span> <span class='ocrx_word' id='word_1_207' title='bbox 593 2555 742 2626; x_wconf 82' lang='lat' dir='ltr'>Antiptosis</span> <span class='ocrx_word' id='word_1_208' title='bbox 787 2543 1105 2618; x_wconf 74' lang='lat' dir='ltr'>victricibus—Corpus.</span> <span class='ocrx_word' id='word_1_209' title='bbox 1113 2545 1182 2595; x_wconf 88' lang='lat' dir='ltr'>Tam</span> <span class='ocrx_word' id='word_1_210' title='bbox 1190 2542 1295 2595; x_wconf 79' lang='lat' dir='ltr'>Latinis</span> 
     </span>
     <span class='ocr_line' id='line_1_27' title="bbox 244 2623 1295 2704; baseline -0.023 -10"><span class='ocrx_word' id='word_1_211' title='bbox 244 2639 284 2693; x_wconf 62' lang='lat'>0⁸?</span> <span class='ocrx_word' id='word_1_212' title='bbox 296 2645 346 2696; x_wconf 67' lang='lat' dir='ltr'>PP⁰</span> <span class='ocrx_word' id='word_1_213' title='bbox 355 2632 458 2702; x_wconf 79' lang='lat' dir='ltr'>sospiti.-</span> <span class='ocrx_word' id='word_1_214' title='bbox 472 2646 498 2684; x_wconf 88' lang='lat' dir='ltr'>et</span> <span class='ocrx_word' id='word_1_215' title='bbox 512 2633 565 2685; x_wconf 86' lang='lat' dir='ltr'>hoe</span> <span class='ocrx_word' id='word_1_216' title='bbox 576 2634 655 2698; x_wconf 80' lang='lat' dir='ltr'>dicit3</span> <span class='ocrx_word' id='word_1_217' title='bbox 667 2636 689 2685; x_wconf 88' lang='lat' dir='ltr'>si</span> <span class='ocrx_word' id='word_1_218' title='bbox 700 2635 743 2684; x_wconf 80' lang='lat' dir='ltr'>fu·</span> <span class='ocrx_word' id='word_1_219' title='bbox 788 2651 890 2704; x_wconf 63' lang='lat' dir='ltr'>comus,</span> <span class='ocrx_word' id='word_1_220' title='bbox 901 2649 979 2702; x_wconf 81' lang='lat' dir='ltr'>quum</span> <span class='ocrx_word' id='word_1_221' title='bbox 987 2627 1086 2680; x_wconf 83' lang='lat' dir='ltr'>Graecis</span> <span class='ocrx_word' id='word_1_222' title='bbox 1093 2623 1177 2689; x_wconf 70' lang='grc' dir='ltr'>σὸμα,</span> <span class='ocrx_word' id='word_1_223' title='bbox 1189 2641 1238 2694; x_wconf 91' lang='lat' dir='ltr'>pro</span> <span class='ocrx_word' id='word_1_224' title='bbox 1248 2639 1295 2671; x_wconf 84' lang='lat' dir='ltr'>ea-</span> 
     </span>
     <span class='ocr_line' id='line_1_28' title="bbox 242 2703 1296 2786; baseline -0.005 -30"><span class='ocrx_word' id='word_1_225' title='bbox 242 2706 324 2775; x_wconf 78' lang='lat' dir='ltr'>gisset</span> <span class='ocrx_word' id='word_1_226' title='bbox 340 2709 494 2762; x_wconf 82' lang='lat' dir='ltr'>vulneratus</span> <span class='ocrx_word' id='word_1_227' title='bbox 507 2733 524 2764; x_wconf 84' lang='lat' dir='ltr'>a</span> <span class='ocrx_word' id='word_1_228' title='bbox 537 2727 627 2786; x_wconf 71' lang='lat' dir='ltr'>tergo,</span> <span class='ocrx_word' id='word_1_229' title='bbox 648 2717 706 2784; x_wconf 87' lang='lat' dir='ltr'>ipse</span> <span class='ocrx_word' id='word_1_230' title='bbox 719 2715 744 2766; x_wconf 89' lang='lat' dir='ltr'>ei</span> <span class='ocrx_word' id='word_1_231' title='bbox 789 2711 884 2766; x_wconf 82' lang='lat' dir='ltr'>devere</span> <span class='ocrx_word' id='word_1_232' title='bbox 890 2709 1025 2780; x_wconf 85' lang='lat' dir='ltr'>frequenti</span> <span class='ocrx_word' id='word_1_233' title='bbox 1032 2724 1090 2757; x_wconf 88' lang='lat' dir='ltr'>usn.</span> <span class='ocrx_word' id='word_1_234' title='bbox 1100 2703 1226 2756; x_wconf 71' lang='lat' dir='ltr'>cadaveri</span> <span class='ocrx_word' id='word_1_235' title='bbox 1233 2719 1296 2773; x_wconf 91' lang='lat' dir='ltr'>pro·</span> 
     </span>
     <span class='ocr_line' id='line_1_29' title="bbox 244 2786 1294 2863; baseline -0.004 -28"><span class='ocrx_word' id='word_1_236' title='bbox 244 2799 351 2858; x_wconf 86' lang='lat' dir='ltr'>optares</span> <span class='ocrx_word' id='word_1_237' title='bbox 362 2791 506 2844; x_wconf 88' lang='lat' dir='ltr'>interitum.</span> <span class='ocrx_word' id='word_1_238' title='bbox 518 2793 583 2856; x_wconf 78' lang='lat' dir='ltr'>dlii;</span> <span class='ocrx_word' id='word_1_239' title='bbox 596 2813 651 2856; x_wconf 84' lang='lat' dir='ltr'>nou</span> <span class='ocrx_word' id='word_1_240' title='bbox 663 2793 744 2846; x_wconf 82' lang='lat' dir='ltr'>talem</span> <span class='ocrx_word' id='word_1_241' title='bbox 788 2793 847 2863; x_wconf 86' lang='lat' dir='ltr'>prie</span> <span class='ocrx_word' id='word_1_242' title='bbox 859 2789 1004 2861; x_wconf 88' lang='lat' dir='ltr'>respondet</span> <span class='ocrx_word' id='word_1_243' title='bbox 1013 2786 1118 2850; x_wconf 61' lang='grc' dir='ltr'>ποτόμις</span> <span class='ocrx_word' id='word_1_244' title='bbox 1127 2803 1191 2835; x_wconf 85' lang='lat' dir='ltr'>nam</span> <span class='ocrx_word' id='word_1_245' title='bbox 1203 2797 1232 2834; x_wconf 89' lang='lat' dir='ltr'>ut</span> <span class='ocrx_word' id='word_1_246' title='bbox 1242 2799 1294 2832; x_wconf 83' lang='lat' dir='ltr'>nes</span> 
     </span>
     <span class='ocr_line' id='line_1_30' title="bbox 244 2859 1297 2946; baseline -0.008 -27"><span class='ocrx_word' id='word_1_247' title='bbox 244 2866 342 2934; x_wconf 87' lang='lat' dir='ltr'>habes,</span> <span class='ocrx_word' id='word_1_248' title='bbox 352 2871 452 2942; x_wconf 87' lang='lat' dir='ltr'>iuquit,</span> <span class='ocrx_word' id='word_1_249' title='bbox 460 2873 557 2942; x_wconf 85' lang='lat' dir='ltr'>filium,</span> <span class='ocrx_word' id='word_1_250' title='bbox 568 2894 621 2946; x_wconf 91' lang='lat' dir='ltr'>quo</span> <span class='ocrx_word' id='word_1_251' title='bbox 630 2877 744 2946; x_wconf 88' lang='lat' dir='ltr'>sospite,</span> <span class='ocrx_word' id='word_1_252' title='bbox 790 2892 806 2924; x_wconf 87' lang='lat' dir='ltr'>a</span> <span class='ocrx_word' id='word_1_253' title='bbox 817 2871 931 2924; x_wconf 85' lang='lat' dir='ltr'>eudendo</span> <span class='ocrx_word' id='word_1_254' title='bbox 937 2909 946 2936; x_wconf 94' lang='lat'>,</span> <span class='ocrx_word' id='word_1_255' title='bbox 959 2872 996 2920; x_wconf 92' lang='lat' dir='ltr'>ita</span> <span class='ocrx_word' id='word_1_256' title='bbox 1008 2866 1046 2920; x_wconf 92' lang='lat' dir='ltr'>illi</span> <span class='ocrx_word' id='word_1_257' title='bbox 1057 2864 1126 2934; x_wconf 73' lang='lat' dir='ltr'>nepai</span> <span class='ocrx_word' id='word_1_258' title='bbox 1134 2863 1162 2918; x_wconf 72' lang='lat' dir='ltr'>ad</span> <span class='ocrx_word' id='word_1_259' title='bbox 1173 2859 1297 2916; x_wconf 69' lang='lat' dir='ltr'>nemosi-</span> 
     </span>
     <span class='ocr_line' id='line_1_31' title="bbox 245 2945 1297 3026; baseline -0.006 -27"><span class='ocrx_word' id='word_1_260' title='bbox 245 2947 293 3000; x_wconf 91' lang='lat' dir='ltr'>tibi</span> <span class='ocrx_word' id='word_1_261' title='bbox 302 2948 389 3001; x_wconf 88' lang='lat' dir='ltr'>dirum</span> <span class='ocrx_word' id='word_1_262' title='bbox 396 2953 476 3004; x_wconf 80' lang='lat' dir='ltr'>funus</span> <span class='ocrx_word' id='word_1_263' title='bbox 487 2967 608 3026; x_wconf 83' lang='lat' dir='ltr'>optares,</span> <span class='ocrx_word' id='word_1_264' title='bbox 617 2954 691 3026; x_wconf 90' lang='lat' dir='ltr'>quod</span> <span class='ocrx_word' id='word_1_265' title='bbox 698 2973 745 3024; x_wconf 85' lang='lat' dir='ltr'>pe·</span> <span class='ocrx_word' id='word_1_266' title='bbox 790 2973 843 3007; x_wconf 73' lang='lat' dir='ltr'>rar:</span> <span class='ocrx_word' id='word_1_267' title='bbox 862 2953 932 3017; x_wconf 67' lang='lat' dir='ltr'>edun</span> <span class='ocrx_word' id='word_1_268' title='bbox 947 2968 1026 3012; x_wconf 86' lang='lat' dir='ltr'>vero,</span> <span class='ocrx_word' id='word_1_269' title='bbox 1044 2945 1117 3020; x_wconf 92' lang='lat' dir='ltr'>quod</span> <span class='ocrx_word' id='word_1_270' title='bbox 1133 2957 1224 2998; x_wconf 83' lang='lat' dir='ltr'>servet</span> <span class='ocrx_word' id='word_1_271' title='bbox 1237 2945 1297 2994; x_wconf 87' lang='lat' dir='ltr'>sni·</span> 
     </span>
     <span class='ocr_line' id='line_1_32' title="bbox 246 3022 1297 3104; baseline -0.009 -23"><span class='ocrx_word' id='word_1_272' title='bbox 246 3043 333 3082; x_wconf 85' lang='lat' dir='ltr'>rentes</span> <span class='ocrx_word' id='word_1_273' title='bbox 341 3031 392 3084; x_wconf 86' lang='lat' dir='ltr'>sibi</span> <span class='ocrx_word' id='word_1_274' title='bbox 399 3035 504 3104; x_wconf 85' lang='lat' dir='ltr'>precari</span> <span class='ocrx_word' id='word_1_275' title='bbox 512 3034 599 3085; x_wconf 90' lang='lat' dir='ltr'>solent</span> <span class='ocrx_word' id='word_1_276' title='bbox 609 3033 644 3084; x_wconf 92' lang='lat' dir='ltr'>ob</span> <span class='ocrx_word' id='word_1_277' title='bbox 652 3034 745 3103; x_wconf 88' lang='lat' dir='ltr'>nequi·</span> <span class='ocrx_word' id='word_1_278' title='bbox 789 3049 875 3095; x_wconf 85' lang='lat' dir='ltr'>mam,</span> <span class='ocrx_word' id='word_1_279' title='bbox 888 3023 957 3099; x_wconf 70' lang='lat' dir='ltr'>nepai</span> <span class='ocrx_word' id='word_1_280' title='bbox 968 3026 1097 3096; x_wconf 69' lang='grc' dir='ltr'>ναῖξισθιιτ</span> <span class='ocrx_word' id='word_1_281' title='bbox 1112 3026 1183 3088; x_wconf 88' lang='lat' dir='ltr'>sive,</span> <span class='ocrx_word' id='word_1_282' title='bbox 1199 3035 1230 3075; x_wconf 70' lang='lat' dir='ltr'>nt</span> <span class='ocrx_word' id='word_1_283' title='bbox 1240 3022 1297 3074; x_wconf 87' lang='lat' dir='ltr'>vult</span> 
     </span>
     <span class='ocr_line' id='line_1_33' title="bbox 246 3105 1298 3184; baseline -0.009 -23"><span class='ocrx_word' id='word_1_284' title='bbox 246 3113 309 3162; x_wconf 86' lang='lat' dir='ltr'>tiam</span> <span class='ocrx_word' id='word_1_285' title='bbox 320 3112 474 3165; x_wconf 86' lang='lat' dir='ltr'>liberorum.</span> <span class='ocrx_word' id='word_1_286' title='bbox 486 3113 551 3175; x_wconf 61' lang='lat' dir='ltr'>iliu</span> <span class='ocrx_word' id='word_1_287' title='bbox 565 3133 619 3165; x_wconf 90' lang='lat' dir='ltr'>non</span> <span class='ocrx_word' id='word_1_288' title='bbox 630 3114 746 3184; x_wconf 87' lang='lat' dir='ltr'>optabis,</span> <span class='ocrx_word' id='word_1_289' title='bbox 791 3111 865 3164; x_wconf 88' lang='lat' dir='ltr'>Plato</span> <span class='ocrx_word' id='word_1_290' title='bbox 880 3112 907 3161; x_wconf 90' lang='lat' dir='ltr'>in</span> <span class='ocrx_word' id='word_1_291' title='bbox 921 3107 1040 3180; x_wconf 69' lang='lat' dir='ltr'>Cratylo,</span> <span class='ocrx_word' id='word_1_292' title='bbox 1055 3105 1129 3177; x_wconf 91' lang='lat' dir='ltr'>quod</span> <span class='ocrx_word' id='word_1_293' title='bbox 1143 3107 1249 3176; x_wconf 77' lang='lat' dir='ltr'>signum</span> <span class='ocrx_word' id='word_1_294' title='bbox 1259 3105 1298 3155; x_wconf 82' lang='lat' dir='ltr'>,sit</span> 
     </span>
     <span class='ocr_line' id='line_1_34' title="bbox 246 3179 1297 3265; baseline -0.012 -21"><span class='ocrx_word' id='word_1_295' title='bbox 246 3194 347 3262; x_wconf 85' lang='lat' dir='ltr'>inquit,</span> <span class='ocrx_word' id='word_1_296' title='bbox 361 3196 453 3265; x_wconf 86' lang='lat' dir='ltr'>sospiti</span> <span class='ocrx_word' id='word_1_297' title='bbox 466 3193 520 3245; x_wconf 86' lang='lat' dir='ltr'>lilio</span> <span class='ocrx_word' id='word_1_298' title='bbox 534 3206 659 3259; x_wconf 84' lang='lat' dir='ltr'>mortem,</span> <span class='ocrx_word' id='word_1_299' title='bbox 674 3191 747 3262; x_wconf 91' lang='lat' dir='ltr'>quod</span> <span class='ocrx_word' id='word_1_300' title='bbox 792 3191 830 3242; x_wconf 92' lang='lat' dir='ltr'>ibi</span> <span class='ocrx_word' id='word_1_301' title='bbox 842 3192 972 3244; x_wconf 88' lang='lat' dir='ltr'>manentis</span> <span class='ocrx_word' id='word_1_302' title='bbox 985 3190 1093 3253; x_wconf 82' lang='lat' dir='ltr'>unimae,</span> <span class='ocrx_word' id='word_1_303' title='bbox 1110 3179 1216 3253; x_wconf 68' lang='lat' dir='ltr'>nepdod</span> <span class='ocrx_word' id='word_1_304' title='bbox 1231 3182 1297 3248; x_wconf 70' lang='grc' dir='ltr'>αἷμα</span> 
     </span>
     <span class='ocr_line' id='line_1_35' title="bbox 246 3265 1295 3345; baseline -0.013 -17"><span class='ocrx_word' id='word_1_305' title='bbox 246 3275 330 3344; x_wconf 77' lang='lat' dir='ltr'>magis</span> <span class='ocrx_word' id='word_1_306' title='bbox 342 3273 456 3336; x_wconf 74' lang='lat' dir='ltr'>heroicae</span> <span class='ocrx_word' id='word_1_307' title='bbox 471 3293 592 3345; x_wconf 69' lang='lat' dir='ltr'>personae</span> <span class='ocrx_word' id='word_1_308' title='bbox 604 3275 745 3334; x_wconf 70' lang='lat' dir='ltr'>conuenit:</span> <span class='ocrx_word' id='word_1_309' title='bbox 791 3266 849 3325; x_wconf 66' lang='lat' dir='ltr'>siva·</span> <span class='ocrx_word' id='word_1_310' title='bbox 860 3271 899 3327; x_wconf 70' lang='lat' dir='ltr'>sir</span> <span class='ocrx_word' id='word_1_311' title='bbox 911 3269 989 3337; x_wconf 68' lang='grc' dir='ltr'><strong><em>ψυχῆς</em></strong></span> <span class='ocrx_word' id='word_1_312' title='bbox 999 3289 1005 3317; x_wconf 79' lang='lat' dir='ltr'><strong><em>z</em></strong></span> <span class='ocrx_word' id='word_1_313' title='bbox 1017 3267 1064 3320; x_wconf 87' lang='lat' dir='ltr'>sed</span> <span class='ocrx_word' id='word_1_314' title='bbox 1072 3267 1214 3338; x_wconf 76' lang='lat' dir='ltr'>cognatius</span> <span class='ocrx_word' id='word_1_315' title='bbox 1222 3265 1295 3334; x_wconf 87' lang='lat' dir='ltr'>prius</span> 
     </span>
     <span class='ocr_line' id='line_1_36' title="bbox 249 3351 1013 3427; baseline -0.005 -23"><span class='ocrx_word' id='word_1_316' title='bbox 249 3372 330 3423; x_wconf 88' lang='lat' dir='ltr'>quare</span> <span class='ocrx_word' id='word_1_317' title='bbox 344 3355 435 3424; x_wconf 84' lang='lat' dir='ltr'>sospite</span> <span class='ocrx_word' id='word_1_318' title='bbox 451 3374 500 3426; x_wconf 91' lang='lat' dir='ltr'>pro</span> <span class='ocrx_word' id='word_1_319' title='bbox 516 3355 612 3427; x_wconf 86' lang='lat' dir='ltr'>sospiti.</span> <span class='ocrx_word' id='word_1_320' title='bbox 628 3353 700 3406; x_wconf 88' lang='lat' dir='ltr'>Serv.</span> <span class='ocrx_word' id='word_1_321' title='bbox 710 3383 747 3412; x_wconf 52' lang='lat'>,-</span> <span class='ocrx_word' id='word_1_322' title='bbox 793 3366 909 3424; x_wconf 78' lang='lat' dir='ltr'>etymon.</span> <span class='ocrx_word' id='word_1_323' title='bbox 925 3351 1013 3405; x_wconf 70' lang='lat' dir='ltr'>Cerdo.</span> 
     </span>
    </p>

    <p class='ocr_par' dir='ltr' id='par_1_7' title="bbox 249 3427 1295 3587">
     <span class='ocr_line' id='line_1_37' title="bbox 249 3427 1294 3502; baseline -0.009 -18"><span class='ocrx_word' id='word_1_324' title='bbox 249 3432 315 3486; x_wconf 88' lang='lat' dir='ltr'>Vide</span> <span class='ocrx_word' id='word_1_325' title='bbox 331 3453 386 3485; x_wconf 85' lang='lat' dir='ltr'>var.</span> <span class='ocrx_word' id='word_1_326' title='bbox 405 3433 465 3486; x_wconf 83' lang='lat' dir='ltr'>lect.</span> <span class='ocrx_word' id='word_1_327' title='bbox 483 3449 510 3488; x_wconf 87' lang='lat' dir='ltr'>et</span> <span class='ocrx_word' id='word_1_328' title='bbox 525 3449 617 3500; x_wconf 88' lang='lat' dir='ltr'>notas,</span> <span class='ocrx_word' id='word_1_329' title='bbox 633 3434 686 3486; x_wconf 84' lang='lat' dir='ltr'>vol.</span> <span class='ocrx_word' id='word_1_330' title='bbox 702 3435 747 3500; x_wconf 91' lang='lat' dir='ltr'>lV,</span> <span class='ocrx_word' id='word_1_331' title='bbox 823 3427 1294 3502; x_wconf 76' lang='lat' dir='ltr'>62.Solatiaexipua.Quamvisenim</span> 
     </span>
     <span class='ocr_line' id='line_1_38' title="bbox 249 3509 1295 3587; baseline -0.018 -13"><span class='ocrx_word' id='word_1_332' title='bbox 249 3531 310 3583; x_wconf 61' lang='lat' dir='ltr'><strong>Pas·</strong></span> <span class='ocrx_word' id='word_1_333' title='bbox 326 3512 386 3565; x_wconf 82' lang='lat'><strong>205·</strong></span> <span class='ocrx_word' id='word_1_334' title='bbox 791 3533 889 3587; x_wconf 74' lang='lat' dir='ltr'>magna</span> <span class='ocrx_word' id='word_1_335' title='bbox 907 3514 972 3579; x_wconf 87' lang='lat' dir='ltr'>sint,</span> <span class='ocrx_word' id='word_1_336' title='bbox 997 3511 1107 3562; x_wconf 88' lang='lat' dir='ltr'>orbitati</span> <span class='ocrx_word' id='word_1_337' title='bbox 1125 3509 1212 3579; x_wconf 86' lang='lat' dir='ltr'>patris</span> <span class='ocrx_word' id='word_1_338' title='bbox 1232 3524 1295 3578; x_wconf 90' lang='lat' dir='ltr'>pro-</span> 
     </span>
    </p>

    <p class='ocr_par' dir='ltr' id='par_1_8' title="bbox 248 3589 1295 4062">
     <span class='ocr_line' id='line_1_39' title="bbox 285 3589 1295 3667; baseline -0.006 -24"><span class='ocrx_word' id='word_1_339' title='bbox 285 3593 327 3662; x_wconf 84' lang='lat'>59.</span> <span class='ocrx_word' id='word_1_340' title='bbox 338 3591 409 3658; x_wconf 84' lang='lat' dir='ltr'>Tolli</span> <span class='ocrx_word' id='word_1_341' title='bbox 415 3593 556 3645; x_wconf 81' lang='lat' dir='ltr'>miserabile</span> <span class='ocrx_word' id='word_1_342' title='bbox 562 3613 660 3667; x_wconf 84' lang='lat' dir='ltr'>eorpus.</span> <span class='ocrx_word' id='word_1_343' title='bbox 672 3591 749 3644; x_wconf 83' lang='lat' dir='ltr'>Simi—</span> <span class='ocrx_word' id='word_1_344' title='bbox 793 3595 869 3648; x_wconf 86' lang='lat' dir='ltr'>desse</span> <span class='ocrx_word' id='word_1_345' title='bbox 881 3613 936 3646; x_wconf 90' lang='lat' dir='ltr'>non</span> <span class='ocrx_word' id='word_1_346' title='bbox 948 3603 1075 3664; x_wconf 87' lang='lat' dir='ltr'>possunt;</span> <span class='ocrx_word' id='word_1_347' title='bbox 1089 3589 1137 3644; x_wconf 88' lang='lat' dir='ltr'>sed</span> <span class='ocrx_word' id='word_1_348' title='bbox 1149 3601 1242 3640; x_wconf 80' lang='lat' dir='ltr'>tamen</span> <span class='ocrx_word' id='word_1_349' title='bbox 1255 3605 1295 3638; x_wconf 87' lang='lat' dir='ltr'>ex·</span> 
     </span>
     <span class='ocr_line' id='line_1_40' title="bbox 248 3667 1295 3747; baseline -0.007 -23"><span class='ocrx_word' id='word_1_350' title='bbox 248 3674 300 3724; x_wconf 88' lang='lat' dir='ltr'>lem</span> <span class='ocrx_word' id='word_1_351' title='bbox 310 3691 462 3726; x_wconf 84' lang='lat' dir='ltr'>successum</span> <span class='ocrx_word' id='word_1_352' title='bbox 474 3687 566 3728; x_wconf 85' lang='lat' dir='ltr'>narrat</span> <span class='ocrx_word' id='word_1_353' title='bbox 577 3677 685 3747; x_wconf 75' lang='lat' dir='ltr'>Dionys.</span> <span class='ocrx_word' id='word_1_354' title='bbox 697 3674 749 3724; x_wconf 79' lang='lat' dir='ltr'>hn-</span> <span class='ocrx_word' id='word_1_355' title='bbox 791 3672 911 3726; x_wconf 83' lang='lat' dir='ltr'>hibenda</span> <span class='ocrx_word' id='word_1_356' title='bbox 927 3684 989 3724; x_wconf 90' lang='lat' dir='ltr'>sunt</span> <span class='ocrx_word' id='word_1_357' title='bbox 1006 3669 1092 3742; x_wconf 85' lang='lat' dir='ltr'>patri,</span> <span class='ocrx_word' id='word_1_358' title='bbox 1111 3669 1176 3738; x_wconf 85' lang='lat' dir='ltr'>quia</span> <span class='ocrx_word' id='word_1_359' title='bbox 1196 3667 1295 3718; x_wconf 80' lang='lat' dir='ltr'>deben-</span> 
     </span>
     <span class='ocr_line' id='line_1_41' title="bbox 250 3745 1294 3821; baseline -0.007 -19"><span class='ocrx_word' id='word_1_360' title='bbox 250 3753 338 3821; x_wconf 84' lang='lat' dir='ltr'>tiquit.</span> <span class='ocrx_word' id='word_1_361' title='bbox 358 3753 404 3804; x_wconf 94' lang='lat' dir='ltr'>lib.</span> <span class='ocrx_word' id='word_1_362' title='bbox 425 3755 458 3818; x_wconf 89' lang='lat' dir='ltr'>V,</span> <span class='ocrx_word' id='word_1_363' title='bbox 478 3753 510 3806; x_wconf 91' lang='lat' dir='ltr'>de</span> <span class='ocrx_word' id='word_1_364' title='bbox 527 3757 607 3806; x_wconf 90' lang='lat' dir='ltr'>Bruto</span> <span class='ocrx_word' id='word_1_365' title='bbox 626 3756 748 3806; x_wconf 81' lang='lat' dir='ltr'>Romano</span> <span class='ocrx_word' id='word_1_366' title='bbox 793 3766 850 3804; x_wconf 86' lang='lat' dir='ltr'>tur:</span> <span class='ocrx_word' id='word_1_367' title='bbox 870 3763 917 3802; x_wconf 83' lang='lat' dir='ltr'>eut</span> <span class='ocrx_word' id='word_1_368' title='bbox 931 3763 971 3802; x_wconf 88' lang='lat' dir='ltr'>est</span> <span class='ocrx_word' id='word_1_369' title='bbox 983 3766 1094 3815; x_wconf 80' lang='lat' dir='ltr'>seusus,</span> <span class='ocrx_word' id='word_1_370' title='bbox 1114 3765 1170 3798; x_wconf 90' lang='lat' dir='ltr'>non</span> <span class='ocrx_word' id='word_1_371' title='bbox 1188 3745 1294 3817; x_wconf 80' lang='lat' dir='ltr'>quiden</span> 
     </span>
     <span class='ocr_line' id='line_1_42' title="bbox 248 3825 1295 3904; baseline -0.008 -23"><span class='ocrx_word' id='word_1_372' title='bbox 248 3829 378 3896; x_wconf 87' lang='lat' dir='ltr'>Consule,</span> <span class='ocrx_word' id='word_1_373' title='bbox 389 3832 434 3902; x_wconf 91' lang='lat' dir='ltr'>qui</span> <span class='ocrx_word' id='word_1_374' title='bbox 443 3833 471 3884; x_wconf 91' lang='lat' dir='ltr'>in</span> <span class='ocrx_word' id='word_1_375' title='bbox 483 3834 538 3891; x_wconf 83' lang='lat' dir='ltr'>acie</span> <span class='ocrx_word' id='word_1_376' title='bbox 547 3833 657 3900; x_wconf 79' lang='lat' dir='ltr'>cecidit,</span> <span class='ocrx_word' id='word_1_377' title='bbox 668 3853 748 3904; x_wconf 88' lang='lat' dir='ltr'>quem</span> <span class='ocrx_word' id='word_1_378' title='bbox 790 3846 955 3900; x_wconf 81' lang='lat' dir='ltr'>responsura</span> <span class='ocrx_word' id='word_1_379' title='bbox 967 3829 1068 3892; x_wconf 88' lang='lat' dir='ltr'>luctui,</span> <span class='ocrx_word' id='word_1_380' title='bbox 1085 3825 1132 3879; x_wconf 88' lang='lat' dir='ltr'>sed</span> <span class='ocrx_word' id='word_1_381' title='bbox 1147 3838 1238 3878; x_wconf 87' lang='lat' dir='ltr'>tamen</span> <span class='ocrx_word' id='word_1_382' title='bbox 1255 3841 1295 3874; x_wconf 90' lang='lat' dir='ltr'>so·</span> 
     </span>
     <span class='ocr_line' id='line_1_43' title="bbox 250 3907 1295 3983; baseline -0.004 -23"><span class='ocrx_word' id='word_1_383' title='bbox 250 3909 345 3962; x_wconf 85' lang='lat' dir='ltr'>milites</span> <span class='ocrx_word' id='word_1_384' title='bbox 355 3924 527 3983; x_wconf 81' lang='lat' dir='ltr'>reportarunt</span> <span class='ocrx_word' id='word_1_385' title='bbox 539 3913 628 3965; x_wconf 88' lang='lat' dir='ltr'>multis</span> <span class='ocrx_word' id='word_1_386' title='bbox 639 3933 699 3964; x_wconf 85' lang='lat' dir='ltr'>eum</span> <span class='ocrx_word' id='word_1_387' title='bbox 709 3913 749 3964; x_wconf 91' lang='lat' dir='ltr'>la·</span> <span class='ocrx_word' id='word_1_388' title='bbox 793 3911 905 3975; x_wconf 82' lang='lat' dir='ltr'>lemnia,</span> <span class='ocrx_word' id='word_1_389' title='bbox 921 3927 984 3980; x_wconf 77' lang='lat' dir='ltr'>ergo</span> <span class='ocrx_word' id='word_1_390' title='bbox 993 3908 1101 3977; x_wconf 73' lang='lat' dir='ltr'>justitie</span> <span class='ocrx_word' id='word_1_391' title='bbox 1113 3907 1206 3978; x_wconf 84' lang='lat' dir='ltr'>potius</span> <span class='ocrx_word' id='word_1_392' title='bbox 1217 3921 1295 3957; x_wconf 75' lang='lat' dir='ltr'>cause</span> 
     </span>
     <span class='ocr_line' id='line_1_44' title="bbox 251 3989 1066 4062; baseline -0.002 -23"><span class='ocrx_word' id='word_1_393' title='bbox 251 3991 360 4060; x_wconf 75' lang='lat' dir='ltr'>erymis,</span> <span class='ocrx_word' id='word_1_394' title='bbox 370 4005 395 4043; x_wconf 91' lang='lat' dir='ltr'>et</span> <span class='ocrx_word' id='word_1_395' title='bbox 405 3991 543 4059; x_wconf 87' lang='lat' dir='ltr'>laudibus,</span> <span class='ocrx_word' id='word_1_396' title='bbox 554 3994 659 4046; x_wconf 86' lang='lat' dir='ltr'>coronis</span> <span class='ocrx_word' id='word_1_397' title='bbox 669 3993 749 4044; x_wconf 80' lang='lat' dir='ltr'>etism</span> <span class='ocrx_word' id='word_1_398' title='bbox 795 4009 876 4062; x_wconf 84' lang='lat' dir='ltr'>quam</span> <span class='ocrx_word' id='word_1_399' title='bbox 886 3989 983 4042; x_wconf 84' lang='lat' dir='ltr'>solatii.</span> <span class='ocrx_word' id='word_1_400' title='bbox 996 3989 1066 4040; x_wconf 79' lang='lat' dir='ltr'>Serv.</span> 
     </span>
    </p>
   </div>
   <div class='ocr_carea' id='block_1_4' title="bbox 0 0 1373 4582">
    <p class='ocr_par' dir='ltr' id='par_1_9' title="bbox 0 0 1373 4582">
     <span class='ocr_line' id='line_1_45' title="bbox 0 0 1373 4582; baseline 0 0"><span class='ocrx_word' id='word_1_401' title='bbox 0 0 1373 4582; x_wconf 95' lang='lat' dir='ltr'> </span> 
     </span>
    </p>
   </div>
  </div>
 </body>
</html>
