2704 4582
298 279 789 348 1N¹AEttE1uosLtss.x.
1023 292 1064 380 93

78 401 132 483 317.
151 402 278 463 Transit
299 402 335 462 ad
356 402 465 462 fratres
484 403 621 462 Cisseum
639 417 670 462 et
691 404 809 486 Gyam:
835 403 926 468 illum
944 407 1065 487 durum,

53 491 103 568 quia
113 505 142 550 ut
152 493 298 568 rusticus,
312 491 465 552 obdurato
476 503 542 551 erat
551 511 696 572 corpore3
712 489 795 550 hunc
808 493 978 570 immanem,
993 501 1066 578 quia
1142 482 1153 558 ¹.

52 601 184 660 procerus:
205 583 399 664 pugnabant
411 581 461 640 isti
473 580 567 640 clavis
583 579 622 639 ed
635 581 811 662 exemplum
824 583 980 661 Herculis,
999 588 1069 648 cde·

51 671 160 753 bamque
171 687 328 753 stragem,
350 684 381 730 et
394 671 519 750 agmina
535 671 733 734 sternebant:
756 683 862 733 tamen
874 671 983 753 dejecti
996 692 1069 738 sunt

52 758 177 821 abAEnee.
199 765 314 844 ltaque
329 782 431 842 neque
449 780 536 823 arma
552 759 715 834 Herculis,
734 781 789 823 nee
805 762 905 822 virtus
924 768 1069 847 propria,

23 919 24 926 ἵ
52 870 92 908 nec
108 853 245 910 meritum
266 852 365 932 patris
385 848 611 938 Melampodis,
633 851 688 930 qui
708 869 810 910 comes
830 849 892 912 fuit
911 855 1071 934 Herculis,

53 958 125 1016 quum
134 938 181 1000 hic
190 941 389 1020 gravissimis
399 937 559 1001 laboribus
570 951 615 998 est
625 951 768 1014 vexatus,
778 941 947 1022 quicquam
953 942 1071 1025 juvere.

54 1025 109 1084 tide
117 1047 204 1108 quam
215 1029 330 1088 incerti
342 1028 405 1086 sint
415 1028 448 1086 in
458 1040 592 1090 extrema
602 1027 781 1088 necessitate
790 1026 911 1092 feneres
923 1047 1071 1096 anteactoe

55 1109 186 1176 fortune..

81 1201 132 1262 322.
151 1205 301 1286 Sequitur
319 1203 450 1264 ultimus
467 1206 653 1269 rusticorum
667 1200 804 1277 Pherus3
826 1202 901 1266 huic
919 1209 1073 1289 ignaviter
1143 1247 1147 1256 ·

55 1288 168 1352 clamanti
179 1290 331 1372 jaculum
349 1294 382 1351 in
401 1313 454 1353 ore
472 1293 608 1373 ingessit.
629 1291 810 1372 Legendum
830 1293 953 1375 itaque,
973 1296 1072 1360 Pham

56 1377 168 1442 clmenti
175 1427 184 1455 ,
196 1403 276 1441 narn
287 1380 350 1442 hoe
360 1383 562 1458 concinnius;
577 1403 672 1463 quem
682 1383 850 1444 lectionem
860 1388 1001 1464 agnoscit
1009 1388 1075 1446 Ser·

56 1470 111 1530 vius.
129 1470 228 1552 Aliqui
241 1470 382 1547 Pharon,
405 1470 616 1546 molummis,
638 1493 704 1532 non
716 1474 760 1532 ita
771 1473 912 1554 placent:
935 1476 980 1535 ait
994 1498 1075 1537 voees

22 1621 23 1638 p
55 1558 144 1632 irenes,
159 1563 232 1642 quia
244 1562 299 1622 ubi
308 1582 439 1643 pugnare
451 1575 576 1643 oportet,
597 1560 677 1643 ioqui
688 1563 853 1637 immiscet,
869 1565 912 1623 ait
923 1565 1053 1626 Servius.

81 1649 135 1725 3²4·
151 1643 331 1714 Succeisum
350 1646 442 1732 hujus
454 1651 654 1714 adolescentis
665 1653 759 1710 vestit
774 1665 867 1731 poeta
878 1657 1001 1735 magnis
1014 1659 1074 1716 cir·

55 1744 232 1802 constantiis.
248 1739 442 1822 EratCydon
457 1743 489 1800 in
500 1740 616 1802 flavore
628 1742 731 1822 primo
739 1739 897 1824 lanuginis
906 1763 919 1816 ;·
930 1747 1075 1827 sequeba-

57 1839 92 1884 tur
108 1829 244 1910 Clytium
267 1849 391 1888 amores
412 1849 505 1901 suos,
535 1849 633 1909 quum
654 1828 861 1908 pugnandum
884 1845 977 1907 esset;
1004 1833 1076 1893 vide

55 1929 144 1991 quanta
155 1918 199 1978 vis
210 1927 263 1976 τοῦ
278 1917 452 1998 παιδεραστεῖν
467 1940 474 1976 t
490 1936 564 1977 nam
575 1917 693 1977 παιδικὸν
706 1933 797 1997 poeta
813 1917 960 2000 intelligit
974 1923 1008 1980 in
1020 1922 1077 2003 Cy·

56 2000 130 2078 doue3
149 2020 178 2065 et
198 2009 236 2066 in
259 2005 360 2086 Clytio
383 2003 557 2081 exoletum,
581 2026 678 2086 quemi
694 2006 896 2068 catulastrum
917 2009 1077 2092 appellant

56 2091 141 2170 glossae
152 2099 284 2178 optimte
296 2116 313 2154 a
327 2093 523 2156 catuliendo:
540 2097 573 2154 in
590 2116 659 2156 cem
671 2095 866 2176 voluptatem
882 2120 913 2158 se
929 2112 996 2160 turn
1013 2103 1076 2181 pri·

56 2199 121 2240 mum
137 2186 299 2258 induerat,
320 2183 391 2244 ideo
408 2205 483 2246 nova
497 2183 616 2265 gaudia.
639 2184 675 2242 ln
695 2182 780 2243 hunc
797 2185 911 2245 vulnus
929 2200 960 2246 et
978 2189 1075 2248 ictum

56 2266 195 2332 destinavit
212 2273 340 2346 AEnees‚
357 2292 419 2351 quo
432 2292 520 2352 paene
533 2270 642 2351 Cydon
657 2284 773 2331 stratus
788 2285 886 2345 esset,
898 2271 1076 2355 jaceretque

57 2359 245 2436 miserandus,
266 2374 296 2418 et
312 2373 428 2424 careret
446 2361 509 2418 suis
528 2357 696 2418 amoribus.
723 2357 781 2418 Sed
796 2359 861 2418 fata
877 2362 1021 2435 AEneem‚
1043 2383 1078 2421 ac

57 2447 162 2523 proinde
176 2463 316 2509 mortem
331 2447 469 2530 Cydonis
483 2459 677 2520 averterunt,
693 2466 733 2506 ne
745 2445 946 2508 mollissimus
956 2449 1079 2526 juvenis

57 2533 163 2612 gloriam
175 2534 328 2611 baberet3
348 2549 393 2596 est
408 2539 491 2599 enim
506 2537 680 2617 gloriosum
697 2536 781 2598 vinci
799 2535 838 2596 ab
850 2535 939 2596 hoste
956 2537 1031 2598 forti
1049 2531 1080 2596 et

58 2622 129 2681 virili.
146 2624 203 2685 Sed
222 2645 293 2706 quae
310 2625 389 2683 ratio
407 2623 566 2684 avertendi
578 2621 698 2684 AEueae?
718 2636 764 2682 est
780 2621 833 2684 hic
850 2622 1079 2685 oculatissimus

59 2727 137 2789 poete.
150 2718 275 2796 Septem
288 2712 398 2774 fratres
411 2713 521 2774 Phorci
535 2713 593 2774 ftlii
608 2712 689 2775 flunt
700 2711 827 2774 obvium
840 2713 905 2789 illi;
920 2713 995 2774 ethi
1009 2717 1079 2797 qui·

59 2799 111 2861 dem
120 2807 219 2887 stipati
231 2807 264 2864 in
273 2803 435 2866 cohortem
446 2826 558 2878 unam,
568 2818 676 2867 etcum
688 2817 806 2885 septem
816 2803 898 2880 telis,
909 2827 979 2887 quae
987 2807 1080 2865 simul

59 2888 81 2946 in
91 2909 150 2950 eum
162 2892 355 2972 conjiciunt:
375 2892 426 2952 sed
441 2891 506 2954 haec
522 2895 630 2956 omnia
640 2894 755 2974 partim
769 2913 785 2951 e
801 2891 907 2972 galea,
926 2906 956 2951 et
972 2893 1080 2972 clypeo

59 2979 243 3054 resultarunt3
258 2981 374 3061 partim
389 2979 512 3040 dellexit
523 2984 627 3045 Venus
640 3000 752 3040 curans
765 2994 889 3052 ustum,
905 2999 1004 3058 quum
1015 2994 1082 3038 tan-

59 3077 110 3127 tum
125 3089 237 3153 corpus
255 3069 365 3130 leviter
384 3071 586 3130 strinxissent.
609 3069 705 3144 Vide,
729 3071 875 3151 inquam,
895 3069 1019 3142 Lector,
1041 3088 1080 3126 an

85 3211 135 3263 325.
147 3211 255 3285 infelix.
266 3211 308 3264 Ad
321 3231 437 3265 amorem
451 3212 538 3266 detor·
582 3231 644 3266 cero
659 3211 730 3266 dicat
747 3213 774 3263 in
791 3211 866 3263 libris
880 3209 913 3262 de
928 3207 1081 3281 republica.

60 3304 129 3357 queo:
146 3295 190 3363 qui
209 3291 291 3344 alium
313 3291 479 3362 depereunt,
497 3292 538 3346 di·
586 3291 762 3362 «opprobrio
769 3292 851 3343 luisse
858 3288 1081 3357 adolescentibus,

60 3383 136 3420 cuntur
146 3390 235 3424 amare
248 3370 404 3437 infeliciter,
418 3384 447 3422 ut
458 3374 538 3424 etiarn
582 3373 605 3423 si
617 3383 748 3424 amatores
761 3389 816 3422 non
825 3369 963 3422 haberent.
976 3391 986 3417 a
999 3370 1082 3440 Prop-

61 3449 148 3501 misere:
163 3451 203 3502 sie
217 3467 311 3502 amans
327 3449 423 3502 Medea
439 3451 472 3502 ab
487 3451 538 3503 Eu·
582 3463 623 3502 ter
639 3449 712 3520 quod
731 3461 813 3520 poeta
830 3447 960 3519 Cydonem
979 3447 1082 3500 inducit

61 3527 100 3595 rip.
116 3526 232 3584 limiti:
252 3530 291 3592 sic
310 3530 380 3580 etin
398 3528 501 3580 AEneid.
516 3531 542 3597 Ι,
586 3541 730 3581 amatorem
743 3549 749 3578 ι
760 3529 887 3582 ,novimus
898 3540 986 3580 autem
1002 3527 1084 3598 Cydo-

61 3603 116 3658 llido
123 3609 214 3662 bibens
226 3609 337 3680 longum
348 3627 466 3660 amorem
476 3609 542 3680 inse·
586 3627 632 3659 nas
641 3606 780 3660 Cretenses
791 3606 853 3660 diei.
865 3606 933 3660 Vide
942 3619 1020 3660 notes
1030 3607 1092 3660 vol„

61 3684 90 3736 l'u
100 3688 196 3742 dieitur.
207 3691 251 3752 De,
258 3689 430 3742 Cretensibus
444 3691 542 3760 accipi·
585 3688 630 3751 Ν,
645 3705 707 3758 pag.
724 3687 771 3738 132
789 3701 815 3740 et
826 3704 882 3757 seq.

62 3781 117 3832 nus,
135 3769 206 3840 quod
225 3771 254 3820 in
275 3786 379 3822 amores
396 3787 542 3840 puerorum
622 3766 682 3818 331.
697 3765 810 3842 Deflectit
822 3766 918 3837 partim
934 3765 1085 3836 stringentia

62 3843 250 3920 intemperantes
259 3847 384 3900 fuerunt:
399 3845 472 3918 qnod
481 3864 543 3918 pos·
587 3863 678 3916 corpus
685 3843 765 3898 Alma
779 3845 871 3899 Venus.
884 3844 1000 3912 Quidam
1012 3845 1086 3908 ἐμφι-

62 3933 95 3976 tea
108 3929 133 3978 in
146 3929 280 3992 Laconas,
298 3929 364 3978 etin
377 3939 460 3978 totam
472 3925 545 3978 Cre·
586 3921 705 3994 credemur
716 3935 826 3995 putant,
835 3924 863 3976 id
875 3935 928 3989 est,
937 3926 992 3993 jam
1005 3924 1085 3974 strin-

63 4005 283 4061 tiamtrenslatum
296 4018 351 4071 est,
364 4006 446 4074 adeo,
458 4021 488 4060 ut
499 4007 544 4062 Ci-
589 4007 696 4077 gentis:
716 4004 762 4057 atti
780 4005 951 4075 participium
968 4017 1084 4072 presens
