2704 4582
335 317 386 380 ns
410 314 649 379 nunruos
673 314 766 378 nra.
791 317 830 380 x.
1042 345 1098 414 127

98 439 158 502 833.
174 441 293 501 Omnia
305 453 378 500 sunt
389 439 427 498 ad
438 438 584 498 affectum
596 439 775 518 potissima3
792 439 868 498 dum
880 452 968 501 natus
980 461 1102 526 pugnat

68 550 112 610 pro
122 543 216 610 patre,
231 543 327 612 pater
337 531 479 610 qulesci13
493 528 546 586 ille
556 547 612 608 pro
626 541 714 608 patre
727 529 874 604 moritur,
889 528 939 590 hic
951 534 1029 593 vivit
1041 536 1100 596 filii

68 637 163 697 opera:
182 617 236 677 ille
251 618 353 678 habet
366 618 493 698 capillos
508 629 647 697 turpatos
667 618 833 697 sanguine,
853 615 903 678 hic
921 621 1018 681 siccat
1033 621 1102 682 vul-

70 725 130 762 nera
141 720 168 764 et
179 726 327 765 cruorem
342 729 349 764 :
365 705 418 764 ille
426 705 509 784 jacet
519 705 552 762 in
565 717 654 764 scuto
665 719 826 780 mortuus,
840 704 890 766 hic
900 729 1011 790 corpus
1021 709 1104 774 levat

70 792 174 852 innixus
190 809 307 854 trunco
323 794 463 853 arboris:
479 791 593 851 deinde
608 791 697 865 vide,
717 805 747 850 ut
765 795 878 872 tragica
892 799 998 855 omnia
1011 819 1104 880 appa·

71 893 155 953 reant;
169 903 244 941 nam
260 881 352 963 galea
367 883 488 940 eramis
502 877 632 960 pendet,
654 879 780 959 clypeus
799 881 832 937 in
850 895 929 939 terra
941 881 1041 962 jaeet3
1055 885 1103 966 ju·

71 985 145 1026 venes
157 985 260 1046 stant,
282 970 348 1030 dux
366 973 430 1052 ipse
444 967 569 1028 anhelat
582 987 645 1049 prae
659 968 857 1048 aegritudine,
872 984 903 1029 et
911 972 995 1053 fouet
1008 973 1102 1050 eolla,

72 1055 197 1118 videlicet
214 1062 377 1121 sustinens
395 1080 425 1117 se
442 1071 553 1117 trunco
570 1057 707 1129 arboris3
728 1057 842 1132 barba,
864 1079 932 1140 quae
950 1083 1104 1152 propera,

73 1139 127 1202 lusa
137 1159 180 1205 est
190 1160 260 1208 toto
277 1161 411 1230 pectore.

103 1233 162 1310 839.
181 1235 315 1316 Optime
327 1233 464 1316 explicas
478 1230 719 1292 sollicitudinem
736 1234 832 1311 patris
851 1254 909 1313 pro
922 1233 1006 1293 filio:
1029 1258 1103 1298 nam

76 1322 162 1398 raqitat
174 1322 429 1405 frequentativo:
456 1336 488 1381 et
505 1341 570 1380 non
589 1323 691 1393 mittit,
713 1319 766 1379 sed
783 1323 915 1395 remittit,
935 1337 973 1381 ut
989 1326 1104 1387 multos

76 1405 229 1488 Intelligas:
255 1411 297 1469 ad
318 1411 395 1483 haec,
416 1412 629 1491 quimorem,
651 1411 704 1488 qui
714 1409 825 1490 ferant.
847 1412 950 1469 Posses
972 1414 1106 1474 accinere

75 1489 209 1555 Mezentio
228 1496 311 1556 illud
324 1499 443 1556 Senecas
454 1495 543 1556 Rhet.
561 1496 707 1555 Controv.
722 1495 809 1571 VIII,
830 1517 977 1578 quousque
986 1501 1107 1580 pauidus

75 1579 221 1656 praeliorum
236 1587 357 1644 nuntias
368 1583 555 1665 exspectabo?
572 1583 610 1641 de
623 1596 709 1663 patre
722 1583 866 1642 videlicet
879 1584 1028 1661 sollicito,
1044 1586 1108 1647 bel-

76 1665 145 1730 lante
157 1671 232 1734 filio.
257 1673 313 1732 Sed
328 1672 398 1732 vide
410 1675 614 1732 alternantem
625 1672 803 1731 fortunam:
819 1673 872 1732 ille
886 1688 931 1734 tot
944 1674 983 1733 ad
997 1692 1107 1736 natunr

78 1759 224 1836 mandata,
241 1776 273 1820 et
282 1775 374 1820 natus
386 1777 453 1820 tum
464 1782 554 1842 super
564 1781 650 1820 arma
662 1761 829 1820 defunctus
838 1760 1013 1821 ferebatur:
1030 1779 1109 1845 quot

78 1851 131 1909 πάθη
141 1849 172 1907 in
183 1870 220 1909 eo
232 1871 343 1924 versu,
357 1849 471 1910 Flentes
481 1853 736 1931 inqentem,·atque
746 1851 856 1930 inqenti
865 1847 981 1909 vulnere
990 1854 1107 1913 victum.

109 1933 169 2010 843.
184 1939 290 2014 Qttem
306 1961 370 1999 non
383 1955 529 1997 moveant
541 1939 611 2012 isti,
625 1940 679 2019 qni
696 1952 884 2019 sequuntur,
899 1938 1050 2001 affectus?
1063 1944 1110 2003 di-

79 2024 182 2086 vinavit
194 2042 285 2109 pater
300 2027 358 2086 filii
370 2029 516 2101 exitium3
536 2047 571 2086 ac
590 2042 663 2086 tunc
680 2030 773 2109 coepit
789 2026 903 2108 injecto
920 2029 1046 2110 pulvere
1060 2054 1109 2092 ca·

79 2113 173 2172 nitiem
191 2115 384 2190 deformare,
406 2131 440 2176 ut
456 2119 497 2176 sit
511 2114 577 2196 jam
593 2115 702 2174 similis
719 2115 838 2196 capillis
853 2118 920 2174 nati
937 2117 1109 2200 deturpatis

81 2219 190 2264 cruore:
206 2205 245 2264 ad
259 2204 342 2280 haec,
361 2207 448 2286 quasi
460 2207 543 2264 Deos
556 2207 713 2280 incusans,
729 2205 847 2285 palmas
865 2204 904 2264 ad
917 2206 1029 2266 coelum
1041 2223 1109 2268 ten-

82 2285 132 2360 dit;
146 2311 214 2350 mox
227 2291 377 2352 defuncto
387 2306 460 2353 nato
472 2293 664 2366 advolvitur,
679 2306 709 2352 et
722 2292 818 2351 haeret
829 2292 1017 2354 vulneribus.
1033 2297 1110 2372 Quae

83 2371 136 2434 hec
147 2382 259 2460 species
270 2382 276 2438 l

114 2462 174 2537 846.
189 2466 299 2526 Oratio
312 2467 405 2548 plena
416 2470 538 2548 magnis
552 2466 736 2539 affectibus,
757 2480 788 2526 et
803 2468 837 2525 in
850 2487 909 2547 qua
922 2466 1002 2526 nihil
1015 2469 1109 2530 molle
1208 2493 1210 2500 ·

112 2662 164 2728 834.
186 2665 301 2717 Volnera
320 2668 429 2718 siccabat
444 2668 565 2739 lymphis.
647 2665 707 2731 841.
720 2665 804 2736 Super
812 2683 886 2716 artua
893 2664 1020 2735 ferebant.
1031 2663 1073 2716 Ad
1082 2665 1111 2718 il·

84 2737 189 2796 Siccabat
198 2745 341 2815 aquatsed
351 2759 378 2797 et
387 2765 455 2798 nove
465 2759 491 2799 et
500 2747 566 2818 Phy-
611 2744 779 2797 lustrandam
800 2744 872 2797 hunc
893 2763 994 2796 morem
1014 2745 1110 2815 adjicio

86 2821 129 2872 tice
139 2822 239 2877 locatas
252 2838 305 2876 est:
324 2843 386 2876 nam
402 2845 484 2896 quum
496 2844 567 2896 aqua
610 2824 677 2877 illud
684 2825 809 2891 Lacenae,
819 2843 887 2896 qaae,
896 2843 977 2894 quum
987 2825 1112 2896 filioprae-

87 2904 161 2954 onnia
175 2903 366 2970 infundantur,
382 2905 427 2956 hie
439 2907 477 2957 ait
495 2907 567 2957 asic·
611 2903 805 2963 batestaniae,
821 2903 958 2973 clypeum,
976 2903 1085 2971 adjecit,
1099 2908 1113 2956 t

86 2984 131 3031 cari
143 2982 234 3034 vulnus
252 3002 324 3054 aqua
334 3007 361 3044 n;
381 2997 407 3036 et
422 2987 490 3036 ratio
505 3003 568 3036 vera
611 2978 669 3042 cair,
680 2983 692 3032 ri
702 2978 739 3032 lari
748 2978 805 3042 nali,
816 2983 899 3032 verba
908 2993 969 3032 sunt
978 2981 1112 3034 Plutarchi

86 3061 428 3135 est,qnialluxussanguinis
439 3082 569 3135 aquarum
613 3063 647 3116 de
663 3065 747 3114 Instit.
764 3060 860 3114 Laced.
885 3074 952 3112 naut
962 3061 1047 3126 hunc,
1068 3077 1113 3116 aut

87 3141 171 3208 lriqare
182 3145 341 3194 continetur.
353 3143 422 3193 Seru.
615 3162 695 3214 super
709 3141 789 3193 hunc.
801 3165 812 3189 a

117 3221 167 3273 836.
180 3223 275 3274 Grauia
285 3241 359 3273 arma
367 3223 508 3294 quieseunt.
517 3220 571 3272 Cur
651 3225 711 3292 845.
734 3225 777 3276 Ad
795 3222 886 3274 coelum
905 3223 988 3273 tendit
1002 3223 1113 3294 palmas.

88 3297 125 3350 illa
138 3303 283 3372 pendeant,
299 3302 355 3354 hare
374 3305 401 3353 in
418 3316 489 3354 terra
506 3303 571 3369 sint,
615 3307 758 3376 Increpans
769 3307 854 3367 Deos,
868 3303 944 3372 quasi
954 3303 1112 3376 sacrilegus:

89 3375 165 3432 docuit
185 3381 300 3434 dicendo
320 3385 426 3455 qrauia,
452 3382 524 3435 unde
546 3395 572 3433 et
618 3383 932 3436 etsciendumnoneum
942 3383 1115 3436 unoeodem·

89 3461 205 3526 quieseunt
215 3462 295 3513 dixit:
309 3461 451 3534 beneergo
463 3463 569 3534 qravia:
619 3482 670 3535 que
688 3476 808 3532 tempore
828 3463 946 3532 potuisse
965 3475 991 3513 et
1009 3467 1115 3534 corpori

90 3539 231 3608 argaeum,
250 3559 337 3607 arina,
355 3540 403 3592 sed
412 3541 481 3594 levia
492 3541 572 3593 intel·
618 3542 759 3605 inherere,
773 3553 800 3592 et
815 3558 909 3591 manus
922 3540 957 3592 ad
970 3541 1062 3592 caelum
1076 3543 1116 3596 le-

91 3614 194 3686 liqanrns.
212 3621 244 3671 Et
258 3621 319 3673 talis
333 3635 372 3673 est
387 3621 486 3693 ligura,
505 3623 574 3672 sicut
617 3639 693 3680 rare3
712 3619 774 3672 litet
785 3633 865 3690 poeta
878 3621 929 3671 ista
941 3624 1119 3690 conjunxerit..

92 3694 261 3768 illaSallustII,
277 3701 403 3754 «leonem
416 3715 496 3772 atque
509 3701 573 3752 alias
618 3703 687 3754 Seru.
706 3731 739 3742 -
756 3703 865 3773 Corpore
885 3701 998 3752 inlares.
1021 3702 1116 3757 Similis

91 3775 170 3828 Ietas·
181 3800 187 3828 ι
197 3798 259 3850 erqo
270 3794 297 3832 et
308 3781 352 3832 leo
361 3783 418 3832 fera
428 3794 476 3833 est.
490 3781 575 3851 Quies·
620 3783 721 3850 species
734 3780 849 3832 Evandri
863 3783 890 3830 in
905 3779 951 3832 lib.
967 3781 1016 3845 XI,
1036 3799 1117 3853 saper

94 3867 145 3906 ruat
156 3870 239 3910 autern
252 3861 330 3930 quasi
344 3861 454 3912 interra
471 3862 574 3931 posita:
620 3860 748 3911 defuncto
758 3875 835 3912 nato:
850 3861 1014 3912 aProcnbuit
1024 3877 1117 3932 super,

96 3939 360 4011 quoniamgaleaquae
369 3939 576 4011 pendebat,po·
621 3956 701 4010 atque
729 3940 810 3993 haeret
843 3941 1044 4010 lacrymansque
1074 3961 1120 4012 qe·

96 4023 152 4065 terat
165 4029 189 4070 et
199 4022 309 4074 moveri.
322 4020 391 4070 Serv.
621 4038 757 4092 ursnsqae.
770 4043 781 4070 a
