2720 4588
238 286 300 330 200

566 261 946 326 cothEN'rluln

235 405 454 466 congressum:
448 385 573 458 ,tertia,
588 403 657 464 quae
671 382 900 458 efficacissima,
919 407 950 445 se
964 389 1107 447 omnium
1120 389 1246 450 oculis'
1221 412 1277 471 oq·

237 477 316 546 uari,
339 487 373 532 ut
393 471 567 546 imbellem,
588 485 617 530 et
635 492 700 530 non
720 453 886 532 audentem
906 495 983 533 cum
998 475 1091 535 AEnea
1112 475 1277 564 congredi:

236 561 310 622 hinc
322 583 394 644 crgo
408 563 502 622 ardor
514 558 735 642 implacabilis,
751 575 782 620 et
797 563 842 620 ira
855 584 947 642 supra
960 565 1099 624 modum.

275 649 304 726 4
327 652 526 734 Comparatio
546 664 620 732 apta
637 649 675 709 ab
693 649 797 725 leone,
818 653 874 732 qui
893 673 958 712 non
975 653 1077 712 solum
1095 657 1214 714 saucius
1234 670 1280 715 est

236 737 379 816 vulnere,
397 738 447 799 sed
463 741 555 798 etiarn
570 750 667 818 gestat
679 737 774 796 fixum
787 737 894 798 telum.
911 740 994 816 Quid
1009 739 1062 801 ille
1078 743 1171 802 tunc?
1182 745 1282 802 Movet

236 847 335 900 arma;
350 842 424 886 toros
435 829 557 899 excutit,·
551 825 783 924 ·teiamsranqit
794 827 1205 911 impauidus;sremitcruento
1215 850 1279 888 ore:

238 914 307 976 talis
319 873 440 976 lurni
432 939 488 977 rra.

281 1027 324 1065 to.
339 1007 472 1082 Eadem,
485 1027 544 1088 qua
556 991 728 1088 reliquos,
720 1027 764 1064 ira
776 1008 887 1086 Regem
900 1007 974 1083 adit,
985 1007 1152 1089 docetque,
1161 1006 1241 1067 velle
1251 1027 1280 1066 se

237 1093 385 1173 congredi
405 1115 475 1154 cum
496 1095 588 1154 AEnea
609 1092 759 1175 singulari
778 1095 946 1152 certamine
953 1119 961 1170 3
980 1094 1102 1154 nullam
1118 1100 1152 1155 in
1172 1116 1202 1154 se
1218 1116 1281 1154 csse

238 1279 347 1318 coactus
362 1272 528 1340 promiserat.
538 1299 572 1309 -
586 1268 667 1320 Uitru.
683 1268 737 1318 Aut

238 1345 361 1417 insuper3
378 1362 423 1400 aut
434 1362 576 1418 antequam
589 1348 683 1418 aliquis
694 1367 736 1399 ex-

237 1440 348 1495 poscat:
367 1441 392 1480 et
408 1429 476 1480 bene
489 1429 563 1479 ducis
581 1427 736 1499 dignitatem

238 1508 365 1571 servavit,
378 1519 471 1558 utnon
485 1507 545 1559 ideo
561 1508 662 1560 faceret
674 1509 736 1578 quia

238 1585 346 1656 quidam
355 1586 541 1656 reposcebant,
548 1585 593 1638 sed
602 1603 648 1638 sua
658 1605 738 1657 spon-

236 1679 263 1716 te
275 1665 465 1717 accenderetur
477 1667 504 1716 in
519 1666 648 1736 praelium.
666 1668 735 1719 Serv.

274 1745 290 1810 4
307 1747 446 1794 Poeaomm
454 1744 540 1814 qualis
546 1747 571 1796 iu
577 1747 652 1798 arvis.
661 1745 738 1797 Com-

237 1825 342 1894 paratio
350 1822 500 1892 magnifica,
511 1837 536 1876 et
545 1839 600 1876 tota
609 1844 665 1878 sua.
674 1825 736 1878 Sca-

236 1904 281 1973 lig.
296 1905 328 1966 V,
343 1902 366 1952 3.
381 1903 460 1953 Taub.
472 1933 506 1942 -
518 1903 585 1956 Vide
596 1917 672 1956 notas
682 1906 735 1956 rol.

236 1985 280 2046 lV,
300 2001 360 2054 pag.
380 1999 444 2051 297,
461 1983 508 2034 ubi
527 1985 642 2055 lleynius
660 1985 737 2037 aliter

236 2064 330 2120 sentin
352 2075 377 2114 et
391 2061 423 2114 tle
441 2065 559 2116 Latronis·
578 2067 736 2136 interpreta-

236 2144 309 2192 tione
326 2141 444 2194 Serrium
462 2143 560 2194 temere
575 2145 687 2196 incusat.
702 2175 738 2184 -

149 2206 160 2226 ⁷
236 2222 344 2291 Saucius
361 2221 413 2274 ille.
434 2221 490 2273 Κατ’
504 2221 596 2289 ἐξοχιῖν.
617 2224 669 2276 Ille
683 2225 737 2287 leo;

237 2302 269 2354 ld
281 2316 334 2366 est,
348 2305 474 2374 princeps
488 2305 614 2356 ferarum.
632 2305 739 2357 Saucius

238 2396 327 2434 autem
335 2394 435 2453 pectus,
446 2383 535 2449 idest,
548 2387 666 2435 saucium
676 2405 738 2456 pec·

237 2479 280 2516 tus
293 2463 411 2516 liabens:
425 2475 468 2530 ut,
489 2487 499 2511 a
511 2465 679 2536 nudatosque
689 2466 738 2518 hu·

238 2563 335 2597 merom
346 2543 405 2596 oleo
422 2545 530 2615 perfusa
548 2546 673 2598 nitescit»
685 2569 691 2597 ι
712 2559 739 2598 et

237 2626 306 2676 bene
322 2625 375 2675 alia
386 2623 467 2674 verba
483 2625 656 2694 interposuit,
675 2628 739 2695 quia

237 2705 337 2756 saucius
346 2713 434 2774 pectus
449 2715 476 2753 et
493 2702 607 2754 sonabat
622 2707 738 2774 asperri-

237 2803 294 2848 me,
312 2795 337 2834 ct
354 2783 483 2854 imperitis
500 2796 606 2852 poterat
623 2783 739 2836 soloecis·

187 2879 192 2883 ’
238 2883 296 2914 mus
308 2863 410 2915 videri:
425 2876 451 2915 et
465 2863 565 2916 saucius
574 2875 661 2936 pectus
676 2883 739 2917 con-

237 2965 316 3018 grue,
327 2947 355 2996 iu
366 2963 418 3016 quo
430 2945 512 2994 Turni
522 2943 600 2994 dolor
607 2958 654 2996 est.
665 2947 736 2996 Seru.

274 3026 299 3077 6.
314 3027 380 3076 Tum
388 3025 507 3089 demum,
516 3035 562 3074 etc.
571 3025 735 3074 Novissime:

212 3160 214 3164 ,
237 3107 265 3158 id
274 3121 322 3174 est,
331 3119 473 3176 postquam
481 3105 560 3154 luerit
567 3103 735 3154 vulneratus:

236 3187 293 3238 haec
309 3187 379 3237 enim
394 3185 502 3236 leonum
514 3194 610 3234 natura
622 3195 675 3248 est,
692 3195 735 3247 ut,

238 3268 290 3318 nisi
304 3266 373 3329 laesi,
392 3255 527 3334 nequeant
543 3263 630 3314 irasci.
648 3263 739 3313 Mouet

239 3358 329 3398 autem
339 3361 426 3404 anna5
438 3345 507 3394 vires
515 3360 576 3394 suas
587 3344 734 3413 experitur:

237 3445 298 3477 nam
312 3441 387 3474 arma
402 3436 463 3472 sunt
476 3423 684 3492 uniuscujusque
698 3423 737 3474 rei

236 3502 412 3578 possibilitas:
426 3500 497 3551 unde
510 3513 562 3565 est,
576 3515 624 3552 aet
639 3520 737 3572 quaere·

237 3607 265 3639 re
277 3583 399 3635 conscius
415 3597 487 3630 arma
499 3602 509 3625 n
522 3602 527 3630 ι
541 3580 569 3630 id
583 3594 635 3647 est,
648 3581 733 3632 dulos·

237 3671 376 3718 Estautem
383 3669 554 3726 monetarum,
562 3664 641 3714 etiam
650 3676 735 3713 trans-

237 3747 302 3796 latio
311 3742 344 3792 ab
352 3739 514 3802 hominibus,
526 3742 572 3809 qui
581 3759 661 3810 quum
669 3741 734 3792 hos·

238 3839 290 3876 tem
299 3830 401 3893 petunt,
410 3836 482 3868 arma
490 3837 590 3870 movere
597 3820 734 3894 dicuntur:

239 3907 276 3957 sio
295 3902 358 3954 alibi
375 3897 407 3950 de
424 3912 514 3964 tauro,
535 3897 736 3971 «signamovet

237 3997 410 4057 praecepsque
420 3977 530 4030 oblitum
542 3980 627 4032 fertur
637 3981 663 4030 in
673 3979 737 4031 hos·

782 1277 843 1316 tem.
856 1287 911 1312 n-
921 1265 1080 1337 Gaudetque.
1094 1265 1145 1338 Spe
1158 1266 1283 1328 ultionis,

781 1358 807 1397 et
817 1344 931 1397 dicendo
937 1345 1047 1417 pandet,
1062 1345 1228 1397 alacritatem
1238 1364 1284 1396 vo-

780 1425 830 1476 luit
844 1426 928 1478 leonis
946 1427 1106 1498 exprimere,
1121 1425 1214 1498 paudii
1225 1445 1284 1477 ver·

780 1507 833 1558 bo:
847 1519 970 1558 caeterum
982 1505 1053 1562 nulli,
1061 1507 1177 1557 ferarum
1184 1503 1226 1555 vel
1236 1523 1286 1574 pe-

781 1587 879 1638 cudum
890 1589 939 1640 iste
950 1604 1042 1639 sensus
1051 1585 1202 1658 adponitur.
1212 1584 1283 1636 Sera.

818 1687 842 1738 7.
863 1669 988 1720 Latronis.
1010 1666 1190 1731 Insidiatoris,
1211 1683 1227 1716 a
1245 1663 1285 1714 la-

782 1747 879 1814 tendo,
892 1749 939 1800 sed
952 1747 1032 1798 modo
1045 1747 1179 1799 venatoris
1189 1767 1195 1795 z
1207 1755 1233 1796 et
1244 1755 1284 1794 est

781 1828 915 1894 Graccum,
928 1847 989 1879 nam
1000 1821 1115 1896 λατρεύειν
1128 1825 1221 1877 dicunt
1236 1823 1283 1872 ob-

782 1910 872 1978 sequi,
894 1921 919 1960 et
939 1909 1037 1960 servire
1053 1905 1192 1958 mercede:
1212 1901 1282 1956 uude

783 1987 892 2038 latrones
902 2000 1033 2038 vocantur
1043 1985 1170 2038 conducti
1177 1983 1282 2034 milites.

782 2068 865 2118 Moris
876 2080 964 2119 autem
978 2079 1048 2130 erat,
1068 2079 1097 2116 ut
1108 2065 1158 2116 hos
1169 2067 1284 2134 impera·

782 2159 825 2198 tor
838 2160 864 2198 et
875 2150 947 2199 circa
957 2165 984 2198 se
994 2146 1119 2212 haberet,
1130 2156 1156 2196 et
1168 2161 1214 2195 eos
1226 2145 1283 2212 pri*

782 2247 840 2280 mos
854 2231 970 2280 mitteret
985 2228 1019 2280 ad
1034 2247 1111 2279 omne
1126 2225 1282 2278 discrimen:
1344 2225 1345 2254 ³

783 2308 854 2360 unda
865 2327 936 2360 nuno
949 2307 1014 2360 dicit
1023 2308 1133 2359 latronis
1142 2305 1195 2356 telo
1203 2304 1282 2354 lixum
1344 2307 1345 2318 ¹

783 2387 902 2454 leonem,
914 2390 976 2460 quia
986 2389 1065 2440 etiam
1075 2398 1213 2438 venatores
1223 2402 1285 2454 ope·

783 2485 826 2519 ras
840 2485 901 2519 suas
911 2469 1015 2532 locare,
1029 2480 1055 2519 et
1068 2466 1148 2517 saltus
1159 2462 1283 2516 obsidere
1344 2475 1345 2486 ³

783 2566 844 2598 cum
878 2549 950 2598 ferro
980 2545 1180 2598 consueverant.
1214 2541 1282 2592 Sane
1344 2571 1345 2574 =

784 2626 911 2678 latronem
936 2639 1104 2689 venatorem,
1138 2625 1198 2694 quis
1223 2634 1282 2672 ante

782 2705 871 2757 hunc?
887 2708 971 2756 Varro
984 2719 1073 2757 tamen
1086 2703 1151 2753 dicit
1165 2702 1218 2768 hoc
1235 2719 1284 2751 no-

782 2805 842 2838 men
855 2799 882 2837 et
895 2787 1015 2836 Latinam
1028 2801 1106 2854 posse
1118 2781 1220 2834 habere
1231 2794 1285 2852 ety-
1344 2851 1345 2854 Ἴ

782 2865 939 2935 mulogiam;
963 2877 993 2914 ut
1012 2863 1122 2914 latrones
1146 2861 1211 2912 dicti
1232 2862 1284 2912 sint
1344 2879 1345 2884 ¹

784 2961 859 3030 quasi
853 2942 1009 3008 laterones,
1026 2941 1133 3012 quod'
1112 2959 1183 2991 circa
1199 2941 1285 2991 latera

783 3041 873 3093 regum
892 3035 968 3088 sunt,
988 3039 1056 3092 quos
1075 3039 1146 3080 nunc
1163 3019 1285 3072 satellites
1344 3059 1345 3066 ,

782 3115 887 3153 vocant.
913 3105 971 3154 Una
995 3115 1084 3154 tamen
1108 3099 1282 3172 significatio,
1344 3115 1345 3150 1

782 3180 844 3233 licet
856 3185 883 3233 in
898 3181 1002 3234 diversa
1019 3180 1187 3253 etymologia.
1205 3179 1284 3232 Plau·
1344 3227 1345 3236 ἦ

781 3273 823 3312 tus
834 3263 861 3312 in
875 3261 1065 3324 Bacchidibus,
1078 3259 1188 3311 militem
1202 3259 1283 3311 latro·
1344 3257 1345 3270 ³

781 3359 839 3392 uem
853 3341 931 3408 dicit,
947 3364 957 3387 u
968 3340 1047 3390 Suam
1060 3339 1106 3409 qui
1121 3356 1187 3390 auro
1200 3343 1283 3392 vitam
1344 3327 1345 3388 Ῐ

781 3420 908 3471 venditat.
920 3444 930 3466 n
940 3421 1008 3470 Serv.

820 3517 860 3550 ro.
876 3500 1008 3551 Turbidus.
1025 3497 1120 3550 Plenus
1133 3503 1243 3551 terroris
1256 3515 1282 3552 et
1344 3503 1345 3558 ἒ

780 3577 1283 3650 perturbationis:sanenotaudumcst
1344 3603 1345 3654 ]

779 3660 895 3730 affatur,
911 3671 991 3729 atque
1005 3655 1081 3728 infit:
1100 3677 1162 3708 nam
1174 3661 1280 3726 iteratio
1344 3683 1345 3686 ¹

779 3753 831 3803 est,
845 3757 898 3808 qua
910 3741 1064 3809 frequenter
1076 3750 1115 3790 est
1128 3756 1204 3801 usus;
1217 3739 1281 3792 licet

781 3820 903 3873 nonnulli
915 3821 1005 3872 dicant
1017 3834 1166 3890 temperare
1175 3819 1228 3873 hoo
1241 3825 1282 3873 in·

782 3899 935 3970 terpositam
951 3903 1181 3972 conjunctionem:
1200 3915 1226 3953 et
1235 3901 1280 3954 hic

780 3979 900 4033 habitum
913 3982 1008 4034 futurae
1017 3981 1145 4034 orationis
1155 3981 1283 4036 ostendit.-
