2720 4588
232 323 295 389 256
559 315 939 382 COMMENTARIA

231 457 318 506 rent:
339 444 436 501 immo
450 459 542 498 mons
562 441 731 521 remoque&
746 459 874 499 nemora
891 459 999 500 vocem
1018 444 1213 504 remitterent:
1228 447 1270 504 ita

232 531 365 614 explicat
373 526 505 587 vividius
518 529 663 587 iteratum
676 529 845 608 gemitum,
862 530 896 587 in
912 549 1005 611 quem
1021 549 1127 590 omnes
1142 553 1271 592 consur·
1349 571 1350 616 ᾗ

232 631 386 683 rexerunt.

270 730 338 791 9²9·
349 708 500 767 Occurrat
509 705 567 764 tibi
577 706 700 780 Lector,
712 703 852 765 ferocitas
860 708 958 766 Turni
967 753 976 784 ,
985 705 1149 788 jactantia,
1162 710 1273 790 gloria,
1349 695 1350 720 ³

231 818 300 879 quae
309 815 412 877 sparsa
422 796 453 852 in
463 791 761 874 praecedentibus3et
773 791 958 853 confercum
969 807 1063 870 statu,
1072 797 1104 853 in
1116 817 1180 877 quo
1190 819 1275 857 nunc

232 902 278 948 est
289 884 415 946 humilis
430 896 460 942 et
471 880 618 963 supplex,
629 893 721 962 atque
736 881 837 942 oculis
849 897 878 942 et
890 881 1036 945 manibus
1050 886 1273 966 precabundis:

202 987 206 992 ’
230 979 344 1038 fatetur
356 986 386 1034 et
398 971 583 1054 supplicium
595 973 706 1030 mereri
719 985 904 1048 extremum,
918 975 1112 1055 victumque,
1124 991 1155 1036 et
1167 999 1274 1038 coram
1350 1001 1351 1052 3

232 1065 294 1125 suis
308 1086 314 1122 :
328 1082 390 1144 qua
405 1059 599 1120 confessione
611 1057 687 1139 quid
701 1059 801 1139 majus
814 1058 852 1118 ad
868 1061 1000 1140 gloriam
1011 1062 1132 1122 AEneae?
1350 1055 1351 1066 ¹

269 1153 338 1234 931.
350 1152 518 1230 Postquam
530 1147 628 1206 fassus
644 1147 770 1229 culpam
782 1161 811 1206 et
825 1153 933 1208 mortis
949 1150 1110 1225 meritum,
1123 1148 1190 1231 jam
1203 1174 1276 1234 pre·

232 1255 319 1304 catur
330 1239 475 1322 prosim,
488 1259 552 1298 non
566 1238 629 1295 suis
644 1238 776 1311 meritis,
789 1237 968 1317 quaenulla3
981 1235 1034 1297 sed
1046 1241 1143 1319 patris
1155 1243 1276 1317 Dauni,

233 1353 302 1416 quse
314 1343 347 1390 ut
359 1330 423 1388 sint
432 1326 535 1387 valida
545 1326 708 1406 conjungit
722 1346 792 1385 cum
804 1328 955 1385 memoria
965 1325 1121 1404 Anchisae,
1133 1344 1167 1388 ut
1183 1328 1276 1412 hujus

232 1419 448 1483 recordatione
462 1415 585 1476 miseria
605 1416 708 1474 Dauni
727 1415 868 1474 emolliat
887 1417 1030 1475 animum
1044 1418 1166 1478 AEncae:
1188 1422 1278 1501 quasi
1351 1428 1352 1464 i

234 1509 334 1581 dicat;
348 1504 423 1586 quid
440 1505 674 1586 persentisceret
694 1501 838 1561 Anchises
857 1517 888 1562 te
906 1517 1030 1585 arrepto
1050 1518 1149 1565 morte
1168 1508 1278 1566 imma·
1351 1497 1352 1518 ³

233 1595 323 1659 tura?
332 1595 415 1655 ldem
425 1609 500 1674 puta
509 1591 667 1652 deDauno
680 1591 842 1671 :praeclare
852 1613 926 1652 vero
935 1593 1241 1656 animadvertitScal.
1251 1597 1278 1656 3.

233 1690 320 1746 Poet.
336 1704 363 1741 c.
382 1703 434 1761 27,
449 1678 591 1739 consulto
609 1677 775 1738 Anchisem
795 1681 932 1761 priorem
951 1684 1168 1756 nominatum,
1182 1703 1278 1762 quam

232 1777 395 1843 Daunum,
412 1769 450 1826 ad
466 1765 615 1847 majorem
632 1767 749 1825 scilicet
761 1765 931 1826 efficaciam
948 1790 1084 1848 precum.
1098 1771 1199 1846 Quem
1213 1791 1278 1829 rem

236 1861 421 1931 admiratus,
439 1858 480 1915 ita
496 1854 647 1929 absolvit,
658 1855 787 1937 profecto
803 1876 869 1916 cum
885 1861 915 1920 V
914 1856 1010 1938 irqilio
1024 1856 1124 1918 nuilus
1135 1873 1196 1919 arte
1202 1904 1211 1932 ‚
1227 1875 1280 1920 aut

229 1945 571 2030 judiciocomparandus.
1352 2015 1353 2030 ξ

273 2036 343 2115 935.
356 2033 439 2110 Quid
455 2053 528 2093 vero
549 2032 646 2114 petit?
657 2033 740 2093 mdde
758 2055 803 2093 mc
815 2037 921 2094 vivum
939 2039 1028 2096 meis:
1045 2037 1076 2095 id
1089 2051 1168 2096 certe
1187 2040 1278 2120 petit,

235 2126 356 2188 etiamsi
368 2143 432 2182 non
444 2143 536 2182 ausus
549 2122 644 2182 fuerit
655 2127 690 2182 Τὸ
704 2127 797 2183 vivum
807 2125 960 2206 proferre,
973 2141 1007 2185 ut
1021 2128 1075 2208 qui
1083 2148 1173 2186 causa
1185 2109 1280 2188 fuerit

233 2228 283 2275 tot
294 2212 424 2273 caedium
436 2207 654 2290 Trojanocum.
663 2213 692 2271 Si
705 2212 786 2270 nolis
800 2214 921 2289 vivum,
932 2227 1014 2272 certe
1025 2227 1202 2274 mortuum:
1213 2217 1277 2296 qui·
1352 2257 1353 2262 κ

232 2306 290 2364 bus
305 2299 413 2382 urget?
426 2299 543 2358 tribus:
559 2299 677 2380 primo,
691 2303 797 2376 vicisti,
813 2316 966 2382 quantum
981 2313 1040 2377 est,
1055 2301 1113 2362 hoc
1125 2302 1164 2362 de
1179 2301 1276 2364 altero
1353 2292 1354 2300 ¹

232 2392 338 2452 fateri!
352 2387 480 2462 deinde,
492 2401 520 2447 et
534 2390 642 2448 victum
659 2389 770 2450 tendere
789 2388 904 2472 palmas
917 2393 1041 2451 Ausonii
1052 2391 1148 2451 videre
1154 2417 1166 2465 ,-
1179 2413 1277 2472 quan·
1353 2445 1354 2448 ,

234 2499 301 2544 tum
315 2491 372 2553 est,
387 2475 448 2536 hoc
461 2475 500 2536 de
515 2497 547 2537 se
563 2477 700 2559 aliquem
713 2479 817 2539 fateri!
831 2484 938 2555 tertio,
954 2493 1003 2541 tua
1019 2493 1061 2540 est
1072 2483 1197 2540 Lavinia
1207 2501 1276 2541 con-

269 2679 330 2748 93⁰·
348 2675 470 2728 Humilis.
488 2676 622 2747 Corpore,
636 2677 665 2728 id
679 2691 732 2744 est,
777 2679 862 2731 Redde
874 2697 914 2728 me
927 2679 990 2729 meis
1003 2700 1010 2726 .·
1029 2675 1076 2728 sed
1094 2695 1127 2728 ne
1140 2696 1172 2728 ex
1185 2691 1278 2750 aperto

234 2756 360 2830 supplex,
379 2753 482 2824 dejecto
501 2757 574 2806 fastu
591 2777 597 2806 :
619 2757 733 2809 victoria
778 2777 833 2809 ram
845 2759 902 2808 viro
917 2759 980 2806 forti
993 2753 1145 2825 pudendam
1161 2770 1277 2824 peteret,

232 2841 426 2906 AEneae,quam
440 2836 516 2906 ponit
528 2837 555 2887 in
566 2834 617 2888 fine
630 2839 732 2908 operis,
777 2839 980 2908 interpositione
1004 2853 1066 2886 usus
1091 2847 1144 2902 cst,
1169 2835 1280 2904 dicens,

233 2920 336 2993 perficit
360 2931 439 2989 atque
460 2917 575 2969 absolvit
598 2918 733 2970 cumulum
781 2914 1279 2987 «Seucorpusspoliatumiuminema·

234 3001 343 3054 laudum
364 2999 465 3050 AEueae:
484 3015 549 3068 quas
567 3016 583 3049 a
598 2997 731 3067 principio
777 2998 847 3048 vis„
867 2997 936 3048 Serv.
952 3025 987 3036 -
1000 2996 1149 3066 Spoliatum
1169 2997 1278 3049 lumine.

235 3081 269 3134 ad
283 3081 361 3132 finam
379 3080 452 3129 omni
469 3077 580 3128 artifieio
593 3077 732 3126 continua·
777 3076 862 3147 Supra
870 3075 1049 3130 dePalamede
1060 3096 1066 3128 :
1079 3096 1279 3131 ununccassum

233 3163 279 3213 vit.
293 3161 388 3210 Douat.
397 3159 732 3228 -Dextramqueprecan-
776 3156 877 3210 lumine
889 3158 989 3230 lugent.
1001 3182 1012 3206 s
1025 3159 1123 3210 lumen
1137 3171 1240 3224 autem,
1254 3172 1279 3210 ct

235 3251 293 3290 tem.
307 3237 452 3308 Hypaiiage
463 3258 469 3286 ε
482 3253 543 3286 narn
555 3233 627 3305 quod
638 3247 678 3286 est
687 3254 733 3287 vo·
778 3238 875 3305 lucem,
886 3259 936 3311 pro
947 3240 999 3291 vita
1011 3251 1110 3310 poetae,
1130 3252 1155 3290 et
1168 3259 1222 3290 non
1236 3257 1277 3290 se-

234 3319 271 3368 cis
281 3315 328 3367 dat
337 3318 441 3379 manui,
452 3328 481 3366 ut
489 3315 541 3366 hoc
549 3316 607 3385 ipso
618 3313 731 3382 indicet,
777 3318 829 3368 mel
838 3320 930 3384 Maro,
940 3329 1080 3388 usurpant.
1092 3315 1123 3367 Td
1132 3320 1180 3384 φὸς
1188 3331 1214 3370 et
1222 3315 1277 3378 stui-

234 3394 358 3448 membris
379 3395 504 3468 omnibus
530 3395 732 3467 precabundum
777 3401 936 3452 nrrtGraecis
954 3402 980 3450 in
998 3417 1057 3449 eum
1075 3415 1151 3448 usum
1165 3399 1278 3451 familia·

234 3477 366 3535 Turnum
381 3474 470 3542 itaque
483 3487 608 3544 precatur
620 3494 674 3526 non
687 3494 733 3526 so·
777 3480 832 3530 rin:
849 3492 878 3530 ut
892 3480 969 3530 Hom.
988 3472 1048 3532 uiro
1061 3479 1116 3542 ι’μιῦ
1127 3479 1226 3546 (dcccc,
1238 3478 1277 3530 nai

233 3553 289 3604 lum
299 3545 358 3615 dre,
370 3550 417 3604 sed
424 3553 732 3621 munibus,oculis,toto
777 3556 815 3610 ini
826 3553 889 3622 χθονὶ
906 3551 1056 3626 deprimitur·
1072 3557 1119 3608 ubi
1133 3561 1173 3627 ζῇν
1189 3573 1215 3611 et
1231 3559 1277 3627 u'p·

234 3650 356 3703 corpore.
376 3630 450 3682 Nihil
471 3635 541 3684 enim
553 3648 624 3686 ¹tunc
645 3639 734 3706 potuit
777 3639 856 3689 aredio
869 3639 894 3688 in
908 3636 1027 3689 eamdem
1041 3637 1085 3689 ille
1096 3651 1201 3709 partem
1213 3659 1276 3711 prae·

233 3713 319 3781 majus
327 3710 399 3762 dare.
409 3711 536 3764 Praeclare
543 3715 731 3785 ApuLFlorid.
777 3721 824 3770 ivit
837 3719 921 3788 poetis
937 3719 1037 3770 Latinis
1053 3718 1087 3770 ad
1105 3719 1275 3783 imitandum,

233 3793 282 3843 111:
294 3814 304 3837 u
315 3791 409 3860 Neque
417 3791 487 3842 enim
496 3793 731 3848 autlevimercede
776 3798 899 3848 Lucretio
912 3797 1034 3866 quidem,
1052 3802 1127 3870 cujus
1143 3812 1197 3852 est:
1214 3800 1274 3850 «vi-

233 3871 312 3933 emit,
333 3869 378 3940 qui
394 3883 532 3939 precatum
553 3887 599 3924 aut
617 3893 730 3944 parvum
775 3895 876 3947 voque,
894 3888 922 3926 et
939 3889 1046 3929 mortua
1062 3881 1117 3930 vita
1133 3877 1233 3930 videnti
1244 3897 1272 3927 n:

232 3951 348 4021 pretium
359 3949 469 4020 accipit,
483 3953 528 4022 qui
540 3965 680 4024 rogatur.»
702 3957 728 4008 C.
775 3968 801 4008 et
818 3957 880 4007 item
899 3956 1039 4023 Terentio,
1055 3961 1129 4028 cujus
1145 3969 1199 4010 est:
1218 3958 1274 4007 avi·

268 4028 327 4098 935.
337 4029 586 4084 Etmelieddcmeis.
595 4031 670 4084 Ordo
679 4046 728 4099 est,
774 4053 835 4101 vus,
848 4033 994 4106 vidensque
1007 4055 1119 4107 pereo.»
1135 4038 1219 4088 Ger-tn.
