2726 4592
246 324 364 387 VITA
388 325 423 386 P.
447 321 678 391 VIRGILII
701 323 941 390 MARONIS.
1051 329 1115 416 289

6 429 7 432 Ἴ
76 455 137 516 est,
152 446 238 504 venit
258 437 292 504 in
314 440 464 518 mentem,
484 455 522 502 an
545 443 728 530 conduceret
743 445 938 524 tyrannidem
957 449 1116 525 omittere,

76 545 104 589 et
118 553 245 593 omnem
253 549 434 615 potestatem
446 537 556 622 annuis
569 533 762 604 consulibus,
776 551 805 594 et
817 539 935 594 senatui
948 540 1117 618 rempubli-

77 640 142 679 cam
157 624 301 684 reddere:
322 627 430 704 inqua
448 641 481 682 re
502 624 629 683 diversae
649 625 808 682 sententiae
829 625 989 684 consultos
1007 627 1117 688 habuit

77 707 275 771 Maecenatem
284 727 314 770 et
322 712 500 792 Agrippam.
512 715 643 790 Agrippa
656 713 738 768 enim
749 710 895 780 utilesibi
908 713 987 787 fore,
996 717 1116 775 etiamsi

78 791 247 856 honestum
262 821 324 858 non
345 803 439 872 esset,
459 797 632 876 relinquere
650 798 847 876 tyrannidem
868 797 960 878 longa
979 807 1120 863 oratione

78 885 256 942 contendit:
281 885 365 964 quod
383 885 532 944 Maecenas
554 881 710 946 dehortari
731 895 918 963 magnopere
939 886 1119 948 conabatur.

6 1023 7 1028 ,
78 969 182 1044 Quare
195 975 325 1054 Augusti
341 975 465 1031 animus
477 985 506 1030 et
518 971 593 1030 hinc
604 971 760 1030 ferebatur
774 988 803 1031 et
818 972 922 1031 illinc}
938 990 1023 1033 crant
1035 979 1118 1036 enim

79 1058 207 1120 diversae
224 1063 402 1134 sententiae,
418 1063 510 1118 variis
528 1061 700 1118 rationibus
721 1062 858 1120 firmatae.
879 1063 1010 1142 Rogavit
1026 1067 1121 1144 igitur

6 1141 7 1144 ¹
78 1149 259 1223 Maronem,
275 1171 312 1208 an
332 1148 471 1208 conferat
490 1150 612 1230 privato
630 1141 770 1222 homini,
788 1169 818 1208 se
839 1147 872 1207 in
889 1167 944 1208 sua
962 1153 1122 1232 republica

78 1243 247 1316 tyrannum
262 1231 463 1298 laceratum
481 1239 547 1312 ille,
565 1259 578 1291 n
589 1239 742 1297 Omnibus
755 1238 869 1311 ferme,
886 1240 1003 1318 in'quit,
1023 1247 1119 1324 remp.

6 1325 7 1338 ¹
79 1327 308 1406 aucupantibus
321 1327 450 1386 molesta
464 1329 531 1406 ipsa
544 1328 685 1406 tyrannis
697 1327 775 1400 fnit,
791 1342 820 1384 et
833 1327 965 1398 'civibus3
983 1331 1055 1409 quia
1072 1339 1124 1390 ne·=

81 1433 161 1472 cesse
175 1429 241 1473 erat
256 1426 383 1494 propter
398 1415 471 1473 odia
493 1415 703 1487 subditotum,
724 1422 775 1472 aut'
797 1424 903 1473 corum
924 1414 1123 1495 injustitiam,

81 1522 194 1582 magna
214 1506 389 1584 suspicione
407 1515 585 1584 magnoque
603 1505 714 1562 timore
728 1503 911 1561 vivere.'Sed
927 1506 949 1560 si
966 1507 1045 1562 cives
1058 1497 1124 1586 jus·
1157 1539 1160 1545 ·

80 1598 148 1651 tum
170 1592 306 1674 aliquem
327 1597 455 1667 scirent,
476 1615 567 1674 quern
588 1607 729 1652 amarent
747 1591 936 1674 plurimum,
958 1597 1071 1655 civitati
1092 1595 1125 1656 id

6 1675 8 1696 ⁸
80 1682 160 1740 utile
171 1694 263 1757 esset,
278 1685 302 1742 si
317 1685 356 1766 in
370 1703 406 1742 co
424 1699 488 1742 uno·
504 1684 607 1741 omnis
624 1696 757 1766 potestas
772 1681 861 1740 foret.
876 1682 978 1760 Quare
998 1685 1022 1742 si
1034 1683 1124 1764 justi-

80 1773 172 1846 liam,
187 1772 270 1852 quod
286 1772 379 1831 modo
391 1771 483 1848 facie,
497 1770 643 1832 omnibus
657 1774 688 1831 in
699 1772 838 1831 futurum
851 1768 938 1830 nulla
953 1771 1122 1834 huminum

82 1853 406 1944 lactacom'positione
418 1861 599 1938 distribues,
614 1861 771 1946 dominari
790 1876 835 1934 te,
856 1875 885 1918 et
900 1861 957 1919 tibi
972 1863 1126 1924 conducet

82 1963 111 2008 ct
126 1940 213 2009 orbi:
229 1943 579 2028 benevolentiamenim
597 1951 739 2028 omnium
757 1942 867 2022 habes,
886 1949 921 2006 ut
937 1949 1029 2008 deum
1050 1967 1128 2032 teet

83 2037 215 2098 adorent
231 2042 262 2096 et
278 2035 411 2096 credant.
423 2063 436 2091 n
458 2035 532 2120 Ejus
550 2039 732 2096 sententiam
752 2037 903 2118 sequutus
925 2028 1025 2122 Caesar
1041 2041 1127 2119 prin·

81 2127 222 2206 cipetum
244 2113 352 2183 tenuit.
373 2124 499 2210 Audivit
516 2115 678 2208 ei‘Sclro‘n'e
700 2127 850 2204 praecepta
872 2125 1017 2203 Epicuri3
1042 2126 1129 2213 cujus
1164 2137 1178 2168 ·‘

82 2211 236 2271 doctriuae
256 2215 373 2271 socium
392 2199 502 2270 ltabuit
520 2213 669 2290 Varium&
686 2213 826 2294 quamuis
848 2211 1040 2290 diversorum
1059 2213 1130 2272 Phi-

84 2286 290 2379 losophorum
306 2293 470 2380 opiniones
491 2293 578 2357 libris
598 2301 660 2357 s'uis
677 2295 895 2382 inseruissede
909 2301 1014 2356 animo·
1038 2304 1131 2383 maxi-

84 2409 135 2448 me
164 2388 324 2462 videatur,
339 2391 412 2469 ipse
434 2394 538 2448 tamen
560 2373 619 2446 luit·
644 2385 840 2446 Academicus
861 2409 868 2442 ι
893 2391 966 2444 nam
992 2384 1130 2446 Platanis

85 2478 250 2535 sententias
263 2477 408 2535 omnibus
423 2475 490 2534 aliis
502 2475 650 2556 praetulit

564 2613 568 2620 =
645 2609 655 2624 o

663 2636 665 2647 l

96 2793 99 2798 Ι
129 2701 196 2772 XX.
206 2699 297 2773 Nunc
310 2707 459 2794 qnoniam
474 2715 513 2772 dc'
527 2713 644 2773 auclore
656 2699 835 2770 s'uininatim
851 2695 997 2783 diximus,
1013 2694 1051 2767 de
1065 2696 1133 2790 ipso'
1168 2711 1202 2773 tio

89 2801 156 2882 jum
169 2806 300 2864 camnine
315 2803 480 2864 dicendum
497 2804 638 2863 ¹videtur:
652 2801 736 2884 qu'od
752 2801 893 2858 bifariam
905 2800 1026 2859 tractari
1043 2800 1136 2874 solet,
1211 2846 1214 2849 .

90 3003 236 3073 obscurum
253 3017 300 3053 est.
317 2989 423 3056 llictum
439 3021 495 3056 esse
511 2984 591 3056 deliel
636 3005 698 3053 snos
713 2983 811 3052 amicos
829 2994 855 3050 ei
873 2997 974 3070 patrem
987 2999 1019 3044 co
1032 2993 1136 3044 ridetur¹

89 3089 158 3150 pro:
171 3079 245 3130 nullo
258 3071 350 3132 habito
362 3080 492 3152 respeeiti.
636 3075 755 3150 tempore
778 3074 977 3137 commendare,
999 3072 1080 3140 quum
1102 3088 1136 3153 ¹ert

124 3163 150 3227 S.
161 3177 202 3228 79.
212 3159 236 3210 A
242 3161 354 3212 Scimne.
366 3161 447 3232 Lege:
459 3183 475 3212 a
484 3151 590 3230 Syrone.
638 3173 701 3232 agro
717 3178 765 3210 suo
782 3158 913 3228 veteranis
932 3154 1065 3222 assignato
1086 3153 1136 3201 Ro-

6 3259 7 3264 *
89 3233 233 3309 Syronem,
263 3229 438 3310 Epicureum,
469 3224 592 3290 Ciceroni
638 3240 708 3289 inam
719 3222 876 3288 discederet.
892 3229 1070 3308 dlaqnidocta
1081 3231 1137 3280 dica

90 3317 281 3367 amicissimum
305 3317 331 3368 el
355 3320 484 3394 optimum
508 3320 593 3368 virum
638 3329 665 3369 ta
680 3307 785 3388 Slyronis
802 3308 945 3367 laudantur
963 3306 1029 3362 ibid.
1051 3305 1096 3361 lib.
1115 3303 1138 3363 ll

91 3395 225 3464 intellige,
245 3393 278 3446 de
301 3415 354 3465 quo
371 3399 464 3449 Cicero
481 3399 538 3447 Fin.
556 3385 593 3462 ll,
639 3386 803 3468 Epigna'd3.
855 3459 859 3468 .
925 3461 927 3465 ι
1025 3457 1028 3462 ,

92 3473 140 3538 35,
156 3473 192 3546 ad
204 3475 262 3525 niv.
277 3463 327 3538 Vl,
351 3479 389 3526 it.
409 3469 476 3525 Eum
490 3463 594 3546 Virgilii
674 3466 827 3547 lpsetarncn
835 3457 1137 3544 snitAcudemic'us';ve-·

92 3566 119 3604 et
138 3553 203 3604 Vari
223 3555 379 3624 magistrum
399 3556 481 3605 luisse
494 3555 594 3624 passim
638 3543 685 3624 lini
701 3553 804 3604 cnnslet
816 3553 879 3602 satis
892 3549 969 3600 nohis
983 3545 1015 3597 de
1028 3549 1140 3600 veritate
1218 3559 1223 3569 '

91 3631 265 3683 Gramrnatici
273 3641 389 3692 mouerit3
397 3625 449 3683 rid.
457 3627 558 3684 Vhocas
567 3619 594 3696 in
639 3631 718 3700 hujus
730 3635 776 3682 rei.
787 3623 873 3701 Vulgo
886 3644 935 3700 pro
945 3619 1077 3694 Epicureo
1087 3627 1138 3678 ha*

93 3711 155 3762 Vita
169 3713 242 3780 Virg.
258 3717 283 3762 i.
293 3711 341 3777 63,
352 3699 395 3778 (iil.
410 3712 482 3764 Serv.
495 3709 528 3764 atl
539 3704 593 3763 Ec'l.
640 3711 698 3764 beri
713 3701 780 3762 solet
792 3701 925 3781 Virgilius.
938 3701 1026 3756 Etiam
1038 3703 1141 3778 Auctor

94 3785 143 3853 Vl,
160 3789 204 3851 133
219 3789 275 3840 AEn.
289 3793 338 3856 VI,
350 3782 409 3856 ulid.
423 3792 463 3844 Cf.
475 3791 551 3842 nolas
562 3790 596 3841 a'd
640 3790 708 3842 Ciris
724 3809 749 3840 v,
768 3779 798 3848 3,
814 3785 846 3854 d,
865 3777 1004 3858 profitetur
1020 3783 1140 3851 philon-

94 3866 151 3920 Ecl.
168 3870 202 3918 Vl
213 3887 256 3942 pr.¹
265 3869 436 3945 Epigramma
447 3871 550 3941 Virgilii
563 3869 597 3920 a'd
641 3863 710 3998 phiec
717 3867 853 3944 Epicureae
862 3865 986 3918 studium.
998 3861 1039 3912 Cf.
1053 3863 1087 3914 a‘d
1097 3870 1140 3934 pr}
1152 3912 1168 3928 f

95 3947 204 4019 Syronis
222 3945 312 3997 villam
329 3953 353 3998 v'.
372 3951 399 3997 in
416 3947 558 4000 Catalectis
573 3961 599 4020 et
665 3947 750 4000 cl-Vl.

96 4030 123 4078 in
146 4015 293 4098 Antholog.
316 4025 348 4098 p!
367 4020 434 4097 (ἔῃ,
453 4019 479 4080 iu
500 4033 553 4098 quo
575 4031 599 4080 ei
678 4019 1140 4098 §.80.Quaesequnntur,maleuur··

169 4130 194 4185 7·
443 4151 446 4162 ’
951 4124 982 4176 ¹9
