2742 4596
415 303 480 366 oa
503 303 758 370 vinoitro.
1046 313 1107 392 403

61 430 192 496 Erravit
203 429 238 492 in
249 442 356 492 morte
370 423 482 506 dolor3
496 427 522 490 si
534 426 768 515 lingua‘lo'cuta
781 443 830 494 est

61 539 182 602 Nescio
195 535 276 627 quid
287 534 451 599 titubante
463 534 588 614 animo,
603 557 670 599 non
683 552 814 624 sponte,
828 535 887 602 sed
898 539 971 604 altis

63 646 258 733 Expugnata
269 641 377 720 malis,
391 641 468 706 odio
481 640 646 728 languoris
659 643 778 732 iniqui,
859 689 862 696 -

64 752 96 818 Si
109 773 204 816 mens
216 772 301 815 caeca
313 749 391 830 fuit;
405 749 525 812 iterum
538 751 659 814 sentire
672 752 782 816 ruinas

63 859 164 950 Troja
177 882 265 938 suas,
278 859 400 922 iteruin
415 872 552 946 cogetur
564 858 704 948 reddere
716 863 833 925 voces?
883 951 887 962 ῃ

62 964 202 1030 Ardebit
213 965 341 1030 miserae
353 981 428 1052 post
440 963 576 1029 vulnera
587 967 706 1031 vulnus
720 967 851 1033 Elissae?

64 1075 139 1136 Hoc
151 1093 235 1158 opus
247 1085 408 1135 aeternum
420 1073 514 1135 ruet?
525 1087 558 1136 et
571 1065 622 1136 tot
632 1071 795 1152 bella,‘tot
804 1069 902 1139 'enses

62 1179 103 1241 In
116 1176 243 1240 cineres
256 1174 348 1239 dabit
360 1175 443 1240 hora
455 1199 592 1256 nocens,
607 1193 640 1241 et
652 1177 798 1264 perfidus
813 1182 922 1244 error?

63 1285 139 1348 Huc
150 1281 231 1361 huc,
245 1281 405 1361 Pierides,
419 1306 594 1347 nemorum
607 1306 668 1371 per
679 1284 780 1349 lustra
791 1285 946 1375 loquaces

63 1389 223 1470 Tendite;
237 1405 271 1454 et
281 1388 434 1455 ardentes
447 1391 539 1478 ignes
552 1392 738 1456 fluvialibus
751 1389 849 1458 undis
872 1439 874 1444 -

63 1500 220 1586 Mergite3
234 1521 276 1562 ne
289 1513 403 1585 pereat
414 1515 481 1562 tam
494 1500 571 1562 clari
583 1502 678 1564 Musa
690 1517 812 1588 poetae,

64 1601 279 1692 Flammaque
291 1619 444 1668 vanescat
456 1627 462 1667 :
476 1605 564 1670 vivat
575 1607 670 1692 Maro
683 1607 788 1671 clarus
801 1607 835 1671 in
848 1608 944 1688 orbe,

64 1713 282 1799 Ingratusque
296 1709 373 1774 sihi!
388 1707 463 1789 sed,
477 1709 568 1798 quod
580 1713 665 1776 male
673 1713 816 1802 jusserat
827 1715 913 1801 ipse,
976 1779 979 1794 ,

63 1817 111 1882 Sit
123 1817 268 1881 vetuisse
280 1839 402 1880 meum.
417 1818 513 1883 Sacer
526 1834 575 1884 est
586 1836 662 1906 post
674 1835 824 1908 tempora
836 1823 925 1886 vitae:

62 1923 183 2010 Sicque
196 1922 258 1985 erit
271 1939 430 1986 aeternum
443 1939 511 1988 tota
524 1943 699 1990 resonante
712 1928 868 2002 Camena,

63 2033 221 2109 Carmen,
235 2045 267 2094 et
279 2029 409 2117 imperii
423 2029 492 2095 divi
504 2032 565 2097 sub
578 2035 714 2098 nomine
726 2036 824 2100 vivat.

64 2133 249 2213 Laudatur,
263 2134 405 2223 placeat,
419 2135 542 2224 vigeat,
556 2137 735 2225 relegatur,
748 2154 886 2204 ametur.

546 2287 632 2352 XII.

66 2428 259 2496 Eorumdem
271 2451 417 2493 versuum
429 2429 610 2494 scholastica
626 2433 771 2507 imitatio,
782 2453 841 2520 per
852 2430 989 2496 Phocum
1002 2434 1113 2498 Gram-

110 2540 279 2602 maticum:
305 2561 344 2601 er
362 2541 428 2602 vita
451 2539 484 2600 V
482 2538 579 2627 irqilii
596 2540 829 2627 Froqmentum.
848 2538 983 2606 Possunt
1009 2546 1113 2607 verius

108 2667 169 2734 pro
190 2666 257 2706 var.
281 2642 348 2706 lect.
371 2666 407 2706 ac
426 2643 608 2734 corruptelis
627 2645 794 2733 superioris
813 2647 960 2710 carminis
980 2670 1000 2709 α
1022 2671 1114 2712 versu

112 2747 183 2813 iride
197 2769 237 2811 22
250 2747 377 2812 haberi:
389 2785 433 2799 -
445 2748 554 2836 linquo
568 2747 670 2814 locuta
682 2760 734 2812 est.

64 2893 186 2958 Nescio
199 2889 295 2980 quid,
311 2892 459 2979 fugiente
471 2892 594 2974 anima,
607 2915 674 2956 non
689 2907 822 2981 sponte,
836 2887 894 2954 sed
906 2883 979 2954 altis

104 3053 146 3108 25.
158 3055 178 3104 F
181 3092 187 3103 .
201 3053 302 3105 reddere
309 3073 407 3126 poenas.
419 3056 460 3108 Cf.
472 3056 569 3127 Georg.
615 3059 696 3110 tuisse
711 3075 814 3120 meum,
831 3056 895 3106 satis
912 3065 951 3106 est
967 3053 1036 3126 (leg.
1049 3074 1119 3107 sacer

64 3138 92 3203 l,
107 3134 168 3187 502·
616 3148 651 3189 est
667 3155 703 3188 sc.
721 3134 816 3205 Maro)
834 3144 895 3204 post
912 3145 1035 3202 tempora
1047 3135 1114 3186 viter.

104 3229 146 3282 27.
169 3211 237 3262 Tam
253 3229 354 3264 sacrum
370 3213 484 3265 solvetur
498 3233 569 3285 opus.
616 3217 699 3266 Immo
719 3217 753 3266 sit
772 3227 883 3265 aeternus
901 3223 958 3262 tota
975 3227 1116 3267 resonante

67 3295 119 3346 Tot
133 3289 182 3342 Ed.
193 3291 272 3342 Basil.
287 3309 347 3343 cum
359 3292 393 3343 al'.
616 3296 745 3347 Camena!
761 3293 873 3344 Carmen
887 3303 913 3341 et
926 3293 953 3340 in
970 3292 1072 3362 populo
1091 3307 1118 3346 et

103 3388 145 3439 29·
170 3371 269 3440 Magna
290 3371 317 3420 in
337 3389 412 3442 seqq.
433 3373 571 3442 scriptura
616 3373 677 3426 Divi
689 3375 738 3426 sub
749 3375 961 3426 numinenornen
971 3371 1116 3442 Laudatur,

64 3453 191 3504 varietas.
201 3448 249 3500 Ed.
257 3450 324 3500 Ven.
336 3452 382 3502 sic.
392 3451 470 3524 legit:
485 3453 571 3518 «Huc,
617 3456 718 3526 vigeat,
738 3453 857 3522 placent,
876 3451 1022 3520 relegatur,
1043 3471 1115 3504 anre-

63 3532 134 3596 huc,
150 3527 281 3595 Pierides,
297 3529 358 3580 date
371 3530 479 3582 llumina
492 3549 573 3582 cunc·
618 3536 672 3582 tur!
685 3556 695 3578 n
708 3532 746 3582 De
756 3530 797 3580 his
807 3527 977 3581 varietatibus
987 3531 1035 3580 viri
1044 3531 1115 3599 judi-

65 3626 106 3674 ta;
118 3625 230 3680 sapores
241 3607 311 3680 (leg.
325 3611 436 3682 sorores)
445 3612 572 3680 Expirent
617 3624 678 3662 cent
690 3610 792 3662 eruditi.

64 3688 571 3760 in(del.in)ignes:viratlllaroduc-
652 3692 694 3742 35.
718 3691 803 3740 Immo
821 3690 854 3746 sit
873 3699 1025 3740 eternum...
1045 3701 1070 3742 et
1087 3693 1114 3746 in
1184 3689 1186 3697 ¹

67 3786 110 3823 tus
123 3767 250 3839 (doctus)
266 3767 381 3838 ubique,
398 3772 573 3842 lngrtttusque
617 3770 715 3842 populo
727 3769 787 3820 Divi
795 3769 839 3820 sub
851 3767 961 3818 numine
973 3787 1068 3819 nomen
1081 3770 1116 3823 ad

68 3854 124 3914 sui,
137 3847 343 3918 studiorumque
355 3849 461 3902 invidus
471 3850 532 3902 orbi
541 3851 574 3900 Et
619 3849 727 3900 ductum
748 3847 808 3898 cod.
828 3848 918 3898 Heius.
939 3846 974 3902 ad
993 3848 1050 3900 AEn.
1066 3851 1115 3916 Vl,

66 3931 156 3982 factus
176 3927 313 3997 postlata
329 3928 415 3980 nitens
435 3927 508 4000 (leg.
526 3947 573 3980 no·
620 3929 670 3998 739
682 3927 746 3998 legit
761 3928 849 3978 Burm.
867 3924 932 4004 qnid
949 3925 998 3978 sub
1014 3938 1067 3980 tota
1078 3928 1116 3980 la·
1157 3973 1159 3982 ,

66 3997 157 4080 cens);
177 4006 251 4079 quod
263 4009 381 4078 jusserat
400 4009 459 4077 ille,
476 4008 515 4060 Sit
526 4029 573 4063 ve·
618 4019 688 4073 teat,
700 4024 754 4059 non
766 4005 894 4078 intelligo.

895 4093 936 4148 26.
