2704 4582
227 285 285 350 152
534 283 930 353 ,ΟΟΜΜΕΝΤΑΒΙΑ

220 410 366 489 s'umpsite
381 411 497 486 itaque,
512 405 603 467 multi
616 408 662 466 illi
675 411 817 489 capiendi
830 416 974 492 ἐξαιρέτως,
988 425 1022 472 ut
1034 418 1087 496 qui
1098 415 1269 496 praecipuo
1336 467 1337 494 ,

170 503 174 516 '
222 497 460 556 essenthonore.
1336 495 1337 506 ³

261 603 327 662 207.
348 584 453 643 Caeteri
474 604 579 644 omnes
598 585 729 645 conferti
748 589 781 646 in
801 609 943 650 acervum
958 613 1072 666 unum,
1091 592 1268 651 eratenim
1337 584 1338 592 ’

221 675 326 752 ingens
342 684 371 730 et
390 673 518 732 confusa
535 672 644 747 caedes,
664 691 911 752 concremantur,
932 679 1020 740 nullo
1038 701 1093 739 nec
1112 699 1266 754 numero,
1338 704 1339 708 ¹

221 782 275 820 nec
289 758 418 822 honore.
434 763 524 840 Quod
535 765 673 843 sequitur
685 763 724 824 de
735 767 859 846 ignibus
870 771 1007 829 certatim
1018 769 1265 843 collucentibus,

221 864 264 909 est
276 861 422 932 tanquam
438 851 645 933 epiphonema
660 856 755 914 totius
767 859 936 916 sermonis:
958 871 1073 919 namet
1089 861 1266 918 innumeras

219 937 280 996 illae
294 959 391 1020 pyrae,
407 952 435 998 et
449 961 542 1020 rogus
558 940 626 1016 ille,
646 943 699 1021 qui
713 945 816 1003 serviit
830 945 980 1004 universae
995 944 1112 1022 turbae,
1127 959 1265 1006 exstrue·
1340 946 1341 968 ³

220 1025 333 1085 bantur
345 1049 362 1086 a
374 1029 518 1108 singulis,
533 1044 652 1112 quanto
665 1044 809 1110 poterant
823 1047 982 1114 apparatu.

258 1135 325 1174 210.
341 1117 415 1175 Post
426 1118 551 1176 tertium
564 1116 661 1191 diem,
682 1117 868 1178 celebratum
880 1113 1056 1201 ossilegium
1070 1141 1087 1179 a
1101 1120 1264 1181 moerenti-

218 1203 290 1278 bus3
300 1219 387 1265 eruta
396 1210 480 1266 enim
489 1228 555 1268 ossa
565 1227 600 1266 ex
610 1209 726 1283 cinere,
737 1219 864 1269 utterrae
874 1209 1110 1285 mandarentur,
1120 1213 1154 1270 in
1165 1229 1265 1291 quam

218 1293 451 1358 infodiebantur
475 1311 629 1378 aggestam
654 1311 682 1356 et
702 1311 871 1358 oneratam.
900 1298 1094 1380 Hypallagen
1120 1300 1267 1378 agnoscit

123 1402 126 1408 '
216 1384 350 1459 Servius,
363 1397 398 1444 ut
407 1387 446 1444 sit
457 1386 548 1466 tepido
558 1407 676 1467 uqqere,
690 1407 763 1466 pr0,
779 1386 873 1468 tepida
883 1408 964 1446 ossa:
977 1402 1068 1469 poeta
1078 1387 1155 1446 dixit
1164 1383 1262 1446 altum

218 1476 357 1547 cinerem,
374 1474 403 1532 id
418 1487 477 1550 est,
493 1476 672 1556 copiosum,
686 1491 722 1535 ut
734 1496 770 1535 ex
783 1475 888 1535 multis
901 1476 1107 1537 cadaveribus.

256 1565 324 1624 243.
340 1565 389 1624 En
405 1563 463 1624 tibi
477 1565 542 1644 jam
560 1569 704 1646 παρασκευὴ
722 1565 760 1624 ad
776 1587 920 1646 magnam
936 1577 1053 1647 partem
1067 1564 1159 1648 hujus
1171 1563 1264 1638 libri3

216 1651 359 1711 videlicet
379 1652 417 1710 ad
438 1652 605 1712 consilinm
625 1654 728 1712 Latini
754 1653 792 1711 de
817 1674 890 1733 pace
915 1653 1004 1712 etad
1026 1655 1261 1714 contentionem

217 1741 313 1800 Turni
331 1753 360 1802 ct
378 1742 524 1800 Drancis:
544 1742 660 1822 quippe
678 1741 717 1800 ab
732 1753 780 1801 tot
795 1740 928 1801 caedibus
946 1752 1030 1800 ortus
1045 1745 1076 1801 in
1091 1740 1184 1821 Regia
1199 1739 1263 1797 fra·

216 1850 286 1909 gor3
301 1830 335 1887 in
348 1829 424 1888 urbe
438 1829 557 1888 luctus:
573 1831 678 1908 itaque
690 1827 796 1910 fragor
808 1840 922 1908 spectat
934 1830 1075 1909 Regiam,
1092 1829 1144 1886 ubi
1158 1827 1260 1886 consi-

214 1915 256 1975 lia
271 1917 469 1997 agitabantur
479 1915 600 1975 :luctus
613 1913 738 1990 urbem,
753 1916 808 1976 ubi
821 1914 915 1975 fiebat
928 1914 1144 1997 comploratio.
1158 1914 1259 1994 Ergo,

216 2020 328 2066 matres
344 2007 511 2088 plorabant
525 2027 597 2066 suos
613 2006 743 2081 liberos3
768 2027 864 2066 nurus
881 2007 1025 2080 maritos3
1047 2025 1167 2066 sorores
1187 2023 1258 2062 suos

215 2093 326 2153 fratres
339 2118 345 2153 :
359 2097 445 2176 pueri
459 2107 578 2176 patres;
588 2107 618 2154 et
628 2115 735 2154 omnes
748 2093 874 2153 demum
887 2093 1005 2154 bellum
1015 2092 1261 2165 exsecrabantur,

216 2195 251 2242 ut
261 2183 345 2263 quod
357 2183 452 2244 dirum
460 2209 471 2258 ,·
485 2196 514 2243 et
526 2184 670 2266 inprimis
683 2186 775 2244 Turni
784 2187 974 2267 Hymenoeos,
995 2182 1027 2241 id
1040 2195 1099 2257 est,
1118 2181 1258 2261 nuptias:

216 2271 369 2332 invidiose
387 2271 448 2330 hoc
467 2271 601 2347 dictum,
620 2271 749 2354 perinde
768 2293 802 2332 ac
817 2273 842 2331 si
857 2271 985 2344 diceret;
1002 2271 1101 2328 Turni
1116 2267 1259 2347 voluptas

215 2374 376 2444 tantopere
386 2363 502 2422 ambita
515 2367 629 2423 emitur
638 2375 816 2423 nostrorum
827 2363 995 2443 sanguine:
1009 2363 1117 2442 igitur,
1132 2356 1258 2439 quando

214 2451 274 2512 hoc
286 2455 327 2512 ita
341 2466 400 2528 est,
416 2455 482 2533 ipse
495 2453 577 2514 solus
590 2455 697 2529 armis,
712 2467 741 2513 et
754 2453 837 2513 ferro
850 2453 1012 2526 decernam
1026 2454 1092 2532 ipse
1107 2461 1187 2508 emat
1202 2467 1258 2506 suo

215 2560 323 2598 cruore
336 2540 478 2618 Regnum
494 2540 605 2612 ltaliae,
625 2554 655 2598 et
672 2539 806 2600 honores
821 2543 953 2622 primos,
973 2539 1005 2598 id
1018 2553 1077 2613 est,
1097 2537 1259 2597 successio-

214 2647 287 2686 nem
301 2627 441 2706 imperii:
461 2645 535 2684 nam
551 2625 617 2686 haec
632 2626 824 2687 devolvenda
842 2629 880 2687 ad
898 2627 1004 2702 illum,
1024 2629 1077 2706 qui
1094 2626 1257 2685 Lavinium

215 2714 347 2773 duceret.
511 2772 516 2781 ,
554 2775 555 2783 χ
642 2763 643 2766 ,
854 2764 863 2786 k

263 2821 330 2861 220.
353 2801 491 2861 Consilia
511 2799 593 2876 haec,
619 2815 649 2862 et
661 2805 822 2864 incitatam
842 2817 949 2865 contra
970 2807 1112 2864 Turnum
1133 2799 1257 2882 plebem
1285 2832 1289 2838 .

212 2893 346 2952 Drances
359 2887 547 2950 incendebat
559 2911 649 2952 sevus
665 2893 698 2951 in
712 2895 869 2969 Turnum,
888 2894 1085 2973 dicebatque,
1104 2890 1195 2950 illum
1209 2908 1257 2949 so·

212 2982 280 3043 lum
289 2982 392 3040 vocari
404 2979 444 3038 ad
454 2977 609 3060 singulare
621 2994 794 3056 certamen,
807 2983 897 3044 illum
908 2983 1003 3065 posci.
1018 2983 1105 3042 Certe
1116 2980 1256 3041 audierat

216 3067 255 3128 ab
267 3069 377 3142 AEnea,

313 3165 437 3244 AEquius
446 3160 515 3222 lmic
528 3165 658 3222 Turnum
661 3161 764 3245 ficerat
770 3183 799 3222 se
807 3183 949 3245 epponem
958 3169 1045 3226 morti
1055 3190 1064 3224 .-

313 3253 347 3310 Si
358 3248 556 3328 bellumfinirc
565 3271 670 3323 manu,
680 3253 704 3309 si
711 3248 815 3332 pellere
827 3253 950 3312 Teucros

311 3337 456 3417 Adparet,
469 3336 513 3396 his
521 3338 616 3399 decuit
624 3361 736 3400 mecum
746 3361 913 3401 concurrere
924 3338 995 3401 telis.

212 3443 268 3505 Sed
288 3441 371 3523 plebi
394 3454 423 3500 et
436 3443 549 3505 Dranci
563 3446 661 3506 multa
678 3467 708 3506 se
727 3446 928 3528 opponebant
943 3467 1000 3528 pro
1013 3445 1136 3504 Turno:
1156 3442 1254 3523 inpri-

212 3533 270 3590 mis
286 3549 400 3608 magna
415 3549 473 3608 pro
486 3530 540 3590 illo
552 3530 664 3592 umbra
676 3547 706 3593 et
718 3532 877 3610 defensio,
889 3534 996 3592 Amata
1011 3535 1089 3613 ipsa,
1104 3547 1173 3610 quae
1186 3541 1252 3590 tota

246 3689 306 3724 211.
319 3672 461 3722 Moemntes.
475 3673 532 3725 Hoc
547 3688 572 3726 ct
588 3675 622 3726 nd
638 3676 709 3729 Lati·
751 3675 887 3750 planpere,
902 3695 961 3728 cum
972 3674 1105 3745 aliquibus
1113 3672 1191 3724 dictis
1203 3675 1251 3725 mi-

209 3769 258 3805 nos
271 3763 297 3802 et
313 3747 348 3799 ad
359 3750 489 3817 Trojanos
504 3766 592 3823 potest
603 3757 706 3808 referri.
752 3756 911 3808 serabilihus
923 3770 1016 3828 pectus
1027 3767 1072 3806 aut
1083 3755 1179 3806 faciem
1191 3767 1251 3804 tun·

210 3831 278 3883 Sane
290 3839 393 3879 moerere
410 3841 448 3878 est
463 3848 522 3882 cnm
538 3834 643 3886 silentio
660 3835 707 3888 do·
753 3837 834 3889 dere:
859 3837 946 3909 luqere
966 3837 1046 3887 etiam
1065 3854 1125 3886 cum
1143 3833 1251 3885 habitus

208 3910 278 3962 lere:
289 3907 371 3984 flere,
389 3905 503 3959 ubertim
517 3911 645 3984 lacrymas
662 3915 707 3968 de·
751 3919 907 3968 mutatione.
919 3916 988 3968 Serv.

210 3992 327 4052 mittere,
343 3986 457 4060 plorare,
476 4008 535 4042 cum
546 4010 612 4046 voce
624 3993 703 4048 llere:
790 3997 848 4050 223.
869 3995 1014 4049 obumbrat.
1033 3993 1165 4048 subaudis
1183 3993 1249 4044 Tur-
