2726 4592
222 271 337 392 DE
367 256 680 390 CULICE
708 249 1234 386 VIRGILIANO

488 577 962 692 DrsCEPTATIO,

222 883 501 967 Auernas
530 875 899 956 cuaurssruo·
919 877 1005 955 ra.
1037 878 1239 958 unuin.

440 1171 1019 1200 mmmmm

212 1371 381 1466 Currum,
396 1389 457 1450 hoc
471 1401 531 1462 est,
548 1405 673 1446 carmen
688 1384 754 1468 ejus
768 1383 868 1461 tituli,
885 1383 971 1468 quod
985 1408 1002 1446 a
1015 1385 1174 1474 plerisque
1188 1390 1259 1448 Vir·
1342 1457 1343 1464 ἵ

211 1485 288 1568 gilio
302 1482 466 1556 tribuitur,
480 1497 644 1558 nunquam
657 1479 746 1558 potui
760 1477 901 1536 animum
915 1475 1078 1548 inducere.
1092 1495 1128 1538 ut
1142 1482 1259 1541 summi
1342 1475 1343 1532 ἶ

211 1587 312 1656 poetae
327 1570 500 1652 legitimum
519 1585 584 1626 esse
600 1565 710 1626 foetum
726 1563 890 1626 crederem.
912 1566 987 1624 Jure
1002 1586 1042 1624 an
1057 1566 1189 1646 injuria,
1209 1567 1259 1628 vel
1342 1573 1343 1582 ’

212 1663 329 1724 auctori
345 1680 440 1742 opus,
454 1657 503 1716 vel
516 1657 603 1738 operi
619 1656 836 1717 auctoritatem
850 1653 1027 1732 detraham,
1042 1655 1131 1716 lubet
1142 1657 1261 1738 discep-

212 1767 279 1812 tare
291 1749 399 1823 semel,
412 1766 540 1828 remque
551 1758 650 1805 totam
663 1747 728 1804 suis
740 1742 890 1830 tantisper
900 1747 1068 1806 momentis
1079 1747 1261 1830 expendere.
1342 1771 1343 1774 ¹

211 1841 408 1900 Momentum
423 1856 518 1917 porro
532 1837 566 1892 in
580 1837 701 1914 magnis
718 1837 890 1916 quamlibet
904 1833 1101 1910 nominibus,
1122 1851 1153 1896 et
1167 1836 1261 1896 nudis
1342 1857 1343 1922 J

213 1905 510 2006 (riticmumfledictis
519 1923 644 1982 nullum
654 1943 716 1983 esse
726 1925 820 1986 duco,
829 1925 1018 2006 scaligerum
1028 1925 1124 2004 igitur
1133 1926 1263 2008 perinde

214 2038 249 2076 ac
260 2017 390 2075 Rnaeum
402 2015 562 2087 omittam,
578 2033 712 2093 quorum
723 2011 774 2072 hic
785 2011 822 2073 ab
833 2015 928 2094 inepto
940 2015 1129 2094 posteriorum
1143 2028 1262 2076 oetatum
1342 2001 1343 2020 ¹

214 2105 348 2184 scriptore
356 2101 462 2182 fiotum
473 2102 514 2180 (1)
527 2121 590 2160 esse
604 2122 670 2160 non
685 2099 822 2176 dubitat,
836 2121 929 2185 quem
941 2099 1090 2160 habemus
1105 2102 1262 2178 Culicem3

215 2194 268 2253 ille
281 2206 390 2254 eontra
404 2191 553 2252 admonet
566 2192 609 2272 (a)
625 2213 704 2274 opus
718 2190 778 2252 hoc
793 2214 855 2252 esse
870 2191 994 2273 Virgilii
1009 2213 1069 2252 non
1082 2193 1196 2268 tironia,
1215 2193 1264 2254 sed

214 2283 305 2364 ἀδροῦ,
319 2287 362 2340 καὶ
374 2285 481 2341 τελείου.
1342 2351 1343 2354 ¹

257 2372 366 2432 Paucis
375 2368 435 2430 hoo
444 2371 595 2452 persuasit
606 2369 757 2451 Scaliger3
768 2383 860 2450 atque
871 2371 904 2430 in
915 2389 950 2428 ea
961 2389 1024 2428 esse
1035 2373 1191 2434 sententia
1201 2392 1265 2435 om·
1342 2441 1343 2446 η

216 2479 271 2519 nes
285 2457 391 2534 video,
406 2461 461 2540 qui
477 2460 532 2518 ista
550 2472 699 2533 tractant,
716 2472 753 2516 ut
767 2458 908 2518 Culicem
922 2459 1023 2540 ipsum
1041 2459 1169 2540 quidem
1184 2460 1265 2520 infra
1342 2459 1343 2466 '

217 2549 384 2628 virgiliani
395 2549 532 2607 nominis
542 2547 660 2608 famam
671 2569 735 2608 esse
745 2546 916 2622 fateantur3
930 2551 1058 2607 maximi
1070 2562 1177 2610 tamen
1189 2552 1265 2610 vatis

217 2635 363 2716 dignitati
373 2635 475 2696 labem
486 2635 561 2696 hinc
574 2638 692 2718 aspergi
704 2635 839 2712 nullam,
851 2657 949 2716 quum
959 2657 1037 2718 puer
1048 2633 1221 2697 admodum
1230 2659 1265 2700 eo

219 2726 358 2785 carmine
373 2725 493 2800 luserit;
513 2728 671 2786 neminem
689 2747 751 2785 esse
764 2725 927 2784 hominem
945 2739 1010 2786 tam
1027 2724 1192 2804 disertum,
1214 2729 1266 2808 qui
1342 2783 1343 2798 ,

218 2813 323 2872 infans
336 2814 508 2895 aliquando
521 2836 588 2875 non
602 2812 700 2874 fuerit
711 2839 718 2874 :
731 2835 788 2876 cur
802 2814 906 2874 fraudi
921 2816 960 2874 sit
973 2813 1106 2894 Virgilio
1122 2815 1266 2882 effudisse

211 2901 340 2986 'aliquid
353 2906 386 2964 in
399 2907 548 2986 pueritia,
567 2904 653 2986 quod
667 2903 792 2986 Virgilii
804 2917 926 2966 matura
940 2919 970 2967 et
982 2904 1169 2966 confirmata
1181 2919 1267 2970 atate
1342 2933 1343 2954 1

219 2992 352 3075 dignum
363 2995 499 3056 nonsit?

260 3083 399 3145 Honesta
413 3083 513 3144 orario
521 3129 528 3159 ,
537 3081 598 3142 ‘sed
610 3081 867 3164 reprehendenda
879 3097 1001 3158 tamen,
1014 3085 1166 3166 quoniam
1178 3082 1265 3144 falsa:

221 3174 336 3233 etenim
350 3175 448 3235 Gulici
461 3174 597 3234 natalem
611 3193 728 3232 annum
744 3175 892 3255 assignari
906 3186 1049 3256 oportere
1061 3173 1163 3234 multo
1177 3194 1266 3256 quam

221 3256 271 3314 isti
285 3273 397 3338 putant
414 3263 575 3337 seriorem,
590 3263 678 3322 Statii
694 3264 851 3346 approbat
864 3261 1051 3343 virgiliique
1072 3261 1149 3320 adeo
1174 3263 1265 3344 ipsius

125 3367 129 3378 ·
223 3359 304 3405 certa
318 3350 506 3412 testificatio.
524 3377 537 3407 n
549 3349 688 3412 Culicem
700 3351 848 3433 legimus,
861 3355 963 3434 inquit
978 3353 1019 3432 (3)
1033 3353 1164 3426 Statim,
1178 3368 1209 3412 et
1219 3354 1266 3410 lia·

225 3434 562 3518 trachomyomachiam
573 3443 667 3502 etiam
678 3445 876 3522 agnoscimus
884 3466 891 3517 3
900 3463 955 3500 nec
963 3455 1008 3500 est
1016 3443 1184 3522 quisquam
1192 3439 1268 3498 illus·

224 3523 319 3580 trium
339 3539 521 3605 poetarum,
540 3532 594 3610 qui
616 3552 682 3590 uon
701 3529 823 3610 aliquid
838 3527 986 3611 operibus
1001 3531 1065 3588 suis
1079 3528 1158 3604 stylo
1173 3529 1268 3588 remis·
1342 3539 1343 3582 ἰ

225 3609 304 3668 siore
315 3614 500 3692 praeluserit.
510 3643 524 3672 i>
542 3621 676 3678 Rursum
691 3616 731 3698 (lp)
743 3621 775 3677 in
790 3618 995 3679 Genethliaco
1008 3619 1144 3691 Lucani;

188 3792 191 3798 ’
260 3768 301 3840 (1)
315 3774 370 3824 Car.
384 3775 490 3847 Ιίτιωιις,Ι
506 3779 573 3832 Hist.
589 3781 662 3851 Virg.
680 3781 769 3834 adan.
784 3783 817 3832 U.
833 3779 862 3831 C.
878 3780 937 3849 696.

261 3847 300 3920 (ἢ)
311 3852 363 3904 Jos.
379 3854 505 3927 Scaliger,
521 3857 668 3912 Comment.
683 3863 709 3912 in
722 3861 780 3913 Cul.
794 3862 878 3911 initio.

261 3929 299 3998 (3)
312 3931 420 4000 Proefat.
434 3933 460 3983 in
473 3936 528 3986 Lib.
547 3939 659 4007 1‚Sylv.
697 3939 736 4012 (4)
748 3941 801 3991 tit.
818 3957 846 4007 2,
858 3939 931 4009 Sylv.
948 3941 1015 4006 VH,
1029 3941 1072 4007 64.

1033 4180 1043 4210 b
