2654 4590
248 303 290 378 31
574 309 962 378 coutMEuTAull

246 453 332 522 geret
345 435 489 517 bospito:
506 432 654 494 Remulus
666 435 801 496 moriens
818 437 926 517 nepoti
940 457 997 497 suo
1012 457 1045 498 ea
1059 440 1214 523 reliquit3
1235 463 1318 525 por

246 529 370 612 nepotis
387 538 534 598 mortem,
556 527 610 605 qui
622 521 701 584 obiit
713 523 796 584 bello
808 525 945 586 conflato
959 528 1042 598 inter
1052 530 1277 611 Tyburtinos
1308 555 1318 589 ⁴

245 616 392 690 Rutulos,
404 615 494 696 potiti
507 628 580 673 sunt
589 613 695 674 Rutuli
704 633 740 674 ea
751 613 874 696 proeda:
888 617 1055 678 exllutulis
1066 624 1222 700 pervenit
1234 643 1318 703 par

245 703 358 789 praedae
370 702 410 762 acl
421 701 643 775 Rhamnetem,
656 699 740 760 huuc
752 700 866 762 occidit
877 703 985 779 Nisus,
999 724 1035 764 ac
1047 715 1122 765 uiuc'
1134 707 1318 790 Euryale

246 793 401 875 abripuit,
419 789 539 871 sibique
554 787 730 870 adaptavit,
750 787 803 848 sed
817 791 1026 872 nequicquam,-
1041 813 1115 852 uam
1128 814 1202 854 uon
1223 795 1318 854 frui

246 899 349 956 turus;
365 879 499 942 instabat
513 878 656 938 videlicet
670 877 772 938 fatum
786 877 912 938 misero.

285 972 351 1033 365.
373 971 508 1050 Messapi
523 987 666 1050 quoque,
689 965 728 1026 ad
741 987 832 1048 quem
845 967 1033 1046 tetenderat,
1053 993 1151 1052 quum
1164 993 1319 1035 revoca

245 1078 295 1123 tus
309 1075 355 1121 est
369 1080 385 1118 a
401 1059 494 1133 Niso,
515 1056 636 1138 galeam
653 1056 712 1116 sibi
731 1059 865 1139 aptavit,
886 1061 936 1118 cui
953 1062 1054 1121 cristae
1069 1063 1216 1122 decorae:
1250 1063 1319 1124 ho

245 1152 328 1212 facto
341 1150 469 1209 abeunt.

286 1240 354 1319 3⁶7·
369 1237 463 1296 Venit
473 1234 505 1294 id
518 1236 669 1316 temporis
681 1232 827 1295 Volscens
839 1235 878 1295 ab
891 1237 968 1296 urbe
979 1249 1079 1298 castra
1094 1259 1165 1298 cum
1181 1241 1280 1322 equi
1289 1242 1319 1299 ti

244 1327 329 1390 tibus
339 1328 497 1399 trecentis,
507 1339 537 1384 et
547 1321 695 1384 omnibus
706 1339 794 1384 erant
806 1345 908 1400 arma3
924 1325 1127 1410 ferebantque
1139 1329 1320 1389 mandat:

246 1418 400 1500 quaepiam
419 1415 521 1474 Latini
540 1412 579 1472 ad
597 1415 755 1486 Turnum,
770 1417 887 1496 potius
908 1437 1073 1499 responsa:
1096 1439 1171 1478 nam
1195 1441 1320 1500 quun

243 1512 366 1568 'l'urnus
379 1527 396 1564 a
408 1525 480 1586 rege
491 1506 501 1581 (
511 1501 577 1563 haec
590 1507 654 1561 κατὰ
665 1510 847 1584 σιωπώμενον)
861 1505 979 1587 aliquid
992 1509 1162 1586 quaesisset,
1181 1510 1247 1568 isti
1272 1511 1320 1569 af

244 1595 387 1660 ferebant
404 1611 566 1674 responsa.
588 1593 651 1652 Cur
669 1591 702 1651 hi
722 1592 866 1653 dicantur
878 1598 1032 1675 pnemissi,
1052 1595 1149 1656 baeret
1165 1599 1320 1662 Servius

244 1705 345 1766 neque
361 1681 512 1762 explicat:
532 1680 585 1740 sed
602 1683 754 1740 sententia
770 1695 832 1741 est:
855 1680 937 1764 legio
954 1685 1074 1765 integra
1087 1686 1248 1746 veniebat
1275 1689 1320 1747 au

245 1787 359 1846 castra,
381 1783 502 1831 constat
520 1769 586 1830 haec
607 1771 782 1850 equitibus,
808 1785 839 1830 et
859 1771 1035 1852 peditibus;
1056 1775 1321 1854 praemittuntm

245 1863 380 1944 equites,
395 1859 448 1940 qui
462 1858 644 1928 velociores;
659 1877 730 1916 uam
746 1855 821 1938 leqio
831 1871 946 1933 coetero,
965 1858 997 1916 id
1010 1872 1069 1934 est,
1084 1859 1233 1941 pedites,
1256 1865 1321 1922 ad·

243 1949 306 2009 buc
321 1945 502 2007 morabatur
516 1945 634 2024 campis
649 1944 816 2004 instructa:
838 1947 945 2026 itaque
961 1944 1026 2018 bic,
1045 1960 1146 2006 scetem
1160 1945 1249 2030 leqio
1268 1954 1321 2010 in·

242 2037 481 2116 structarumpis,
492 2053 556 2092 nou
567 2046 640 2091 sunt
650 2031 696 2092 illi
710 2033 840 2108 milites,
853 2037 907 2114 qui
917 2053 988 2093 cum
998 2035 1104 2094 Turno
1115 2050 1229 2112 erant,
1249 2039 1321 2098 sed

244 2125 381 2207 pedites,
393 2122 446 2202 qui
458 2118 496 2178 de
506 2139 589 2179 novo
599 2120 817 2196 mittebantur,
831 2135 862 2180 et
871 2135 943 2182 ante
953 2121 1011 2181 hos
1020 2123 1321 2203 premittebantur

245 2213 380 2294 equites3
396 2227 469 2267 nam
481 2203 601 2288 pedites
614 2205 776 2267 tardiores.

283 2299 352 2382 371.
370 2297 468 2378 Ergo,
490 2315 586 2376 quum
601 2294 667 2378 jam
684 2297 987 2378 appropinquarent,
1008 2311 1174 2378 essentque
1194 2319 1320 2384 prope

224 2408 352 2450 .rnuros
367 2383 534 2466 Trojanos.
555 2399 686 2446 cernunt
702 2387 825 2459 Nisum,
844 2398 937 2466 atque
954 2384 1140 2468 Euryalum,
1162 2389 1245 2468 qui,
1273 2405 1319 2451 ut

243 2479 347 2540 hostes
365 2474 526 2549 fallerent,
549 2474 715 2536 flectebant
734 2475 813 2535 laevo
829 2477 963 2536 tramite.
989 2476 1055 2536 Visi
1074 2489 1178 2535 autem
1201 2497 1315 2556 sunt,

244 2569 395 2651 prodente
412 2563 483 2624 illos
502 2564 590 2644 galea
609 2565 759 2648 Euryali3
786 2585 858 2625 nam
883 2567 1008 2626 tametsi
1030 2585 1093 2626 nox
1111 2579 1210 2641 esset,
1244 2571 1316 2631 sed

244 2656 354 2716 umbra
378 2668 483 2713 tamen
506 2653 671 2713 sublustris
691 2668 773 2730 erat,
799 2667 962 2738 appetente
984 2653 1047 2736 jam
1071 2655 1156 2714 luce:
1184 2657 1315 2739 itaque

245 2743 331 2826 galea
343 2741 464 2834 refulsit
476 2741 604 2800 adversa
618 2742 731 2802 radiis:
746 2746 788 2804 sic
800 2743 877 2804 mibi
891 2745 994 2804 visum
1005 2743 1043 2803 de
1055 2732 1159 2804 mente
1168 2745 1313 2808 Poetae:

244 2852 318 2892 nam
335 2833 400 2913 ipse
417 2850 525 2911 supra,
546 2827 597 2889 lux
614 2831 733 2890 inimica
747 2833 941 2914 propinquat:
960 2851 1034 2912 ergo
1049 2829 1129 2890 radii
1144 2832 1200 2891 isti
1218 2850 1314 2895 sunt

244 2919 323 2980 lucis
334 2920 525 3002 appetentis,
535 2939 599 2978 non
610 2920 722 2994 Luuae,
732 2933 767 2980 ut
776 2920 911 3001 explicat
919 2922 1056 2994 Servium
1066 2939 1168 3001 neque
1180 2937 1312 2984 contra

279 3080 339 3132 363.
358 3079 421 3130 Post
436 3091 552 3131 mortem.
570 3077 676 3131 Scilicet
691 3080 743 3132 lte-
786 3080 904 3151 Messapi
914 3080 1023 3133 abstulit
1032 3080 1150 3152 galeam,
1160 3077 1253 3149 (nem
1266 3084 1311 3136 di-

244 3160 322 3224 muli,
333 3158 479 3212 secundum
487 3157 676 3230 supradictum
684 3177 743 3211 sen·
787 3161 933 3212 micaturus
947 3173 986 3213 est
998 3160 1080 3232 paulo
1095 3159 1175 3231 post)
1187 3162 1242 3213 sed
1259 3166 1310 3216 in-

245 3257 303 3289 sum
312 3259 317 3287 :
327 3257 388 3288 narn
395 3239 515 3290 Donatus
524 3237 597 3301 dicit,
606 3250 667 3306 post
675 3258 743 3288 mor·
787 3240 858 3290 venit
863 3241 1010 3308 jacentem,
1023 3251 1049 3290 et
1057 3238 1172 3290 sustulit.
1181 3269 1220 3278 -
1232 3243 1309 3296 Cris-

244 3331 297 3369 tem
316 3317 373 3366 Nisi
391 3328 417 3367 et
434 3316 553 3388 Euryali,
576 3314 647 3367 bello
665 3318 743 3386 potiti
787 3318 868 3390 tisque
892 3318 1018 3370 decoram.
1054 3321 1124 3370 Beue
1151 3323 1308 3388 praemittit

245 3408 305 3447 suut
314 3392 419 3445 Rutuli:
431 3393 503 3464 quod
511 3411 564 3446 nou
573 3393 709 3465 procedit,
720 3397 742 3447 si
787 3396 877 3448 dicens
891 3398 1027 3448 decorum.-
1043 3415 1105 3448 uam
1122 3399 1180 3466 ejus
1202 3399 1307 3468 splen-

245 3473 741 3546 diligeuteradvertas.Sanesciendum
786 3475 851 3529 dore
866 3477 1011 3548 prodente,
1026 3476 1155 3548 Euryalus
1173 3480 1304 3548 capitur.

244 3551 740 3626 huncloeumuuumchlllVirgilii,
785 3556 907 3628 Denique
928 3558 1008 3610 Nisus
1029 3555 1079 3608 hac
1105 3557 1213 3631 ratione
1240 3579 1304 3614 non

245 3636 299 3685 sive
307 3651 355 3704 per
364 3644 483 3683 naturam
493 3632 625 3700 obscuris,
636 3637 690 3685 sive
698 3636 742 3685 in·
786 3637 924 3708 proditur,
943 3638 987 3688 oui
1004 3636 1114 3688 babenti
1131 3635 1303 3694 inferiorem

245 3712 416 3778 solubilibus,
430 3713 484 3762 sive
494 3711 675 3780 emendandis,
686 3716 741 3766 sive
787 3714 1303 3787 galeam,habilioremgaleamAletbes

245 3795 283 3845 sic
295 3792 379 3843 relicti
392 3802 466 3854 sunt,
478 3802 507 3840 ut
518 3809 534 3842 a
544 3790 620 3842 uobis
633 3812 681 3862 per
689 3791 742 3844 bis·
786 3799 955 3866 permutavit.
966 3798 1036 3850 Serv.

245 3872 319 3922 toriae
329 3871 444 3940 antiqua
453 3870 629 3940 ignorantiam
640 3870 741 3941 liquide
821 3875 881 3928 366.
901 3877 1038 3928 Excedunt
1054 3875 1155 3937 castris5
1174 3877 1300 3934 Rutulo-

246 3967 300 4003 uon
313 3948 503 4020 intelligantur.
516 3950 586 4000 Serv.
766 3981 767 3984 ¹
785 3975 844 4007 rum
859 3957 973 4019 seilicet;
992 3975 1054 4008 uam
1071 3973 1153 4026 supra
1170 3957 1301 4030 dixerat,

281 4025 341 4082 36⁵.
350 4026 457 4080 0111111111
465 4029 583 4099 Messapi.
590 4027 652 4082 Non
659 4032 741 4083 occisi
788 4057 800 4081 1
811 4047 898 4087 eastra
907 4037 1015 4088 inimica
1023 4046 1126 4107 petunt.
1137 4057 1149 4083 1
1162 4037 1238 4091 Serv.
