2704 4582
235 277 295 348 168
561 273 941 340 COMMENTARIA

230 399 377 482 Expende
394 397 446 459 bic
465 398 637 480 quaepiam:
658 397 823 459 Diomedes
843 395 957 459 AEtolus
975 397 1103 474 dicitur,
1124 399 1223 460 veluti
1245 398 1287 460 in

231 499 462 571 contemptum:
479 509 543 547 non
556 487 639 546 favet
652 487 743 546 nobis
757 486 810 547 ille
823 489 980 548 Graeculus
992 503 1022 548 et
1037 491 1183 566 imbellis,
1199 513 1286 552 nam

229 579 304 638 tales
317 579 416 638 Graeci
430 575 530 643 habiti
545 571 585 636 ab
598 577 755 635 Romanis.
770 577 868 658 Ergo,
883 576 956 637 huic
970 577 1089 639 imbelli
1104 587 1287 662 opponitur

228 669 402 750 Messapus,
418 669 471 748 qui
484 666 683 740 fortissimus,
701 667 791 749 Quem
806 687 897 748 neque
910 669 959 750 fas
977 671 1038 750 iqui
1052 673 1204 751 cuiquam,
1223 693 1286 732 uec

228 768 350 816 sternere
355 757 447 838 ferro.
463 755 544 814 Huic
557 751 689 827 infelici,
705 753 788 834 quod
805 755 870 835 ipse
883 755 1049 816 Diomedes
1064 756 1102 816 de
1115 779 1145 816 se
1159 757 1283 839 praedi-

229 860 364 919 cauerat,
381 859 416 904 ut
428 844 520 924 legati
534 843 642 916 etiam,
656 844 828 924 opponitur
838 841 1038 922 Tolumnius,
1052 849 1104 927 qui
1111 846 1210 930 felix:
1225 846 1284 906 de-

227 953 314 996 mum
326 931 415 1005 huic,
428 933 480 1012 qui
492 950 577 990 unus
586 943 645 1004 est,
656 943 860 1014 opponuntur
872 935 977 1012 magni
988 947 1016 991 et
1028 932 1156 1014 plurimi
1169 935 1282 994 duces.
1340 963 1341 966 ¹

226 1023 291 1082 Nec
302 1021 384 1080 tarda
393 1032 532 1100 sequetur,
546 1031 602 1076 etc.
613 1017 645 1078 id
659 1032 720 1092 est,
731 1039 765 1076 ex
777 1031 878 1078 mente
891 1020 1110 1100 interpretum,
1120 1022 1282 1081 feliciores

225 1126 259 1170 et
270 1111 417 1174 fortiores
430 1113 542 1168 erimus
555 1109 686 1182 Graecis3
701 1129 774 1171 nam
787 1109 873 1168 brevi
888 1123 1027 1191 tempore
1039 1109 1196 1192 Trojanos
1207 1115 1282 1170 vin-

225 1216 344 1271 cemus3
360 1219 424 1258 non
439 1210 472 1256 ut
484 1195 599 1268 Graeci,
615 1197 670 1276 qui
683 1195 850 1272 decennio,
865 1218 900 1256 ac
915 1199 963 1256 vix
978 1211 1051 1256 tunc
1064 1201 1216 1258 vicerunt.

226 1285 229 1289 ’
263 1284 332 1362 432.
354 1287 458 1347 Vultis
484 1283 585 1344 adhuc
609 1285 853 1346 evvalidissima
877 1286 1014 1346 auxilia?
1038 1287 1152 1346 adsunt
1177 1289 1280 1348 nobis

224 1369 346 1451 Volsci,
363 1389 393 1435 et
411 1375 537 1434 illorum
556 1373 618 1432 dux
638 1375 769 1434 Camilla
792 1397 864 1436 cum
884 1377 1057 1456 equitibus,
1077 1375 1177 1456 major
1197 1379 1281 1435 viris

224 1466 359 1540 femina,
375 1485 443 1548 quae
457 1463 610 1542 Trojanos
625 1485 691 1522 non
705 1467 830 1542 metuit,
846 1487 924 1548 quos
939 1467 1049 1525 timent
1061 1480 1090 1526 et
1104 1466 1280 1526 Diomedes

225 1567 254 1613 et
266 1556 410 1612 Drances.

261 1640 331 1716 434.
351 1641 496 1704 Restabat
510 1641 657 1701 ultimum
673 1642 711 1701 de
726 1663 757 1702 se
773 1658 883 1703 vocato
898 1643 938 1703 ab
953 1646 1045 1704 AEnea
1061 1644 1098 1702 ad
1115 1643 1277 1723 singulare

222 1746 396 1804 certamem
410 1712 471 1790 boc
488 1731 570 1791 enim
586 1733 720 1791 Drances
738 1730 910 1812 objecerat:
926 1732 964 1792 de
981 1733 1040 1793 hoc
1059 1754 1131 1814 ergo
1152 1731 1278 1792 disserit

221 1819 256 1878 in
271 1832 404 1878 extrema
419 1818 575 1876 oratioue:
593 1816 730 1879 ostendit
744 1821 847 1900 itaque
864 1834 1008 1901 paratum
1028 1841 1058 1880 se
1073 1820 1109 1879 ad
1126 1841 1275 1901 pugnan-

221 1908 297 1967 dum
317 1927 388 1964 cum
405 1907 513 1978 AEnea,
533 1903 720 1986 adhibetque
739 1909 892 1971 rationem
912 1909 1083 1989 triplicem,
1099 1928 1155 1966 cur
1172 1921 1219 1967 eat
1237 1909 1273 1966 in

220 1996 303 2058 hanc
322 1993 595 2053 deliberationem:
616 1997 733 2076 prima,
753 2019 793 2057 ne
815 1996 915 2057 obstet
936 1998 1023 2056 bono
1045 1999 1223 2070 communi,
1243 2011 1275 2056 et

220 2084 350 2170 publico
361 2107 367 2141 :
382 2083 492 2157 altera3
504 2085 577 2164 quia
588 2097 728 2166 expertus
739 2101 783 2146 est
794 2089 953 2147 victoriam
969 2087 1027 2146 sibi
1038 2089 1183 2146 comitem
1197 2087 1273 2144 alias

221 2177 332 2236 fuisse:
348 2175 453 2245 tertia,
469 2175 541 2252 quia
555 2195 612 2255 pro
626 2188 711 2234 tanta
723 2198 778 2256 spe
790 2175 933 2236 vincendi
948 2178 1050 2236 AEneae
1061 2175 1139 2234 nihil
1153 2195 1273 2234 recusa·

219 2267 275 2326 bit.
298 2265 337 2322 Et
356 2263 463 2322 addit:
488 2265 532 2355 ire
554 2264 691 2327 delibero
714 2281 823 2326 contra
844 2267 951 2339 illum,
971 2267 1089 2326 etiamsi
1112 2285 1219 2346 parem
1239 2285 1272 2323 se

219 2351 334 2414 Achilli
351 2364 489 2432 praestet,
510 2354 630 2412 etiamsi
646 2375 730 2414 arma
747 2355 855 2414 induat
869 2355 949 2416 facta
961 2355 1090 2418 Vulcani
1110 2373 1222 2434 opera:
1243 2367 1273 2412 et

216 2442 317 2526 paria,
337 2439 456 2518 inquit,
476 2441 550 2520 quia
569 2443 648 2500 sicut
670 2441 793 2502 Achillis
814 2463 899 2502 arma
918 2442 998 2507 facta
1020 2465 1036 2502 a
1055 2440 1210 2509 Vulcano,
1228 2441 1270 2499 ita

221 2533 339 2592 AEneae:
353 2530 411 2586 ista
423 2529 625 2610 intelligenda
641 2537 706 2590 κατὰ
720 2539 893 2612 σιωπώμενον.

219 2657 258 2707 vit
272 2676 277 2705 :
295 2653 480 2705 infelicitatem
497 2657 552 2724 ejus
568 2655 722 2731 supradicta
768 2677 847 2730 quam
857 2659 909 2710 hoc
921 2661 1016 2722 faciat,
1031 2655 1104 2728 quod
1115 2675 1165 2727 pro
1181 2659 1267 2708 omni·

219 2735 368 2806 legatorum
376 2734 456 2784 verba
465 2747 613 2786 testanturr
624 2755 722 2808 oppor-
766 2739 816 2790 bus
829 2741 949 2806 facturus
963 2753 1010 2790 est.
1022 2740 1091 2790 Seruz

218 2827 283 2882 tune
294 2830 357 2882 ergo
367 2811 412 2862 hic
422 2811 500 2880 felix,
516 2814 588 2884 quod
598 2815 722 2867 Diomedi
803 2819 863 2884 436.
885 2822 947 2871 Non
967 2819 1038 2868 adeo.
1060 2819 1121 2868 Non
1140 2817 1267 2881 multum

218 2910 268 2944 nec
279 2904 341 2962 post
350 2893 489 2944 victoriam
501 2896 621 2966 contigit.
635 2895 703 2948 serv.
767 2916 829 2948 nam
837 2895 987 2948 verecunde
996 2897 1060 2946 dicit
1069 2894 1206 2946 adsuetum
1215 2915 1268 2948 ma·

254 2972 315 3037 430.
333 2973 388 3024 Nec
401 2971 474 3023 lurda
489 2986 608 3046 sequetur
621 2975 718 3026 Gloria.
765 2977 844 3027 nibus
857 2979 911 3028 suis
927 2995 984 3028 esse
994 2977 1149 3026 victoriam:
1164 2987 1189 3027 et
1199 2977 1265 3028 bene

218 3052 320 3103 Litotes
338 3051 436 3122 figura,
457 3055 545 3104 minus
566 3053 631 3104 dixit
650 3057 721 3106 enim
765 3057 871 3120 mallus,
889 3076 937 3126 per
951 3074 1016 3126 quas
1029 3054 1057 3104 fit
1070 3056 1128 3124 ipsa
1140 3056 1265 3106 victoria:

220 3151 300 3202 quam
312 3132 413 3182 voluit:
429 3148 491 3184 nam
506 3133 558 3185 hoc
574 3134 719 3205 significat:
767 3147 793 3185 et
816 3149 910 3186 contra
933 3154 1027 3186 manus
1046 3134 1107 3183 dure
1127 3132 1265 3198 dicuntur,

217 3211 313 3260 Latina
327 3210 412 3278 pubes
430 3213 567 3264 celerrime
582 3215 721 3264 victoriam
767 3215 813 3284 qui
823 3212 926 3264 dedunt
937 3232 964 3263 se
978 3213 1047 3263 victi.
1058 3213 1127 3262 Serv.
1144 3221 1150 3237 '

132 3319 134 3324 ν
218 3287 398 3358 adipiscetur:
416 3307 495 3358 quam
508 3293 551 3340 vix
562 3289 647 3342 Graeci
659 3305 721 3362 post
801 3293 860 3360 438.
875 3294 920 3342 Ibo
931 3292 1026 3342 animis
1037 3300 1133 3340 cotttra.
1145 3291 1215 3340 Acsi
1226 3291 1263 3342 di-

219 3367 378 3420 deceiinium
391 3381 452 3421 sunt
465 3369 564 3442 adepti.
577 3373 647 3423 'Seru
765 3385 850 3432 ceret;
873 3374 895 3421 si
914 3371 1010 3421 desunt
1033 3370 1152 3438 corporis
1175 3371 1263 3424 vires:
1340 3371 1341 3390 l

255 3443 315 3510 434.
331 3443 414 3513 quue
424 3445 523 3514 placet,
537 3461 583 3500 etc.
594 3452 662 3500 Hinc
673 3470 719 3522 ap·
765 3449 933 3502 commendat
947 3462 1034 3502 autem
1051 3448 1164 3518 gratiam
1177 3463 1262 3501 certa.

216 3535 294 3595 paret
311 3539 371 3572 eum
383 3522 455 3573 nolle
469 3543 605 3597 pugnare:
624 3529 650 3580 Si
661 3529 719 3600 pla·
764 3531 856 3588 minis;
868 3547 902 3578 ne
912 3529 1010 3576 invitus
1022 3525 1145 3576 videatur
1158 3527 1262 3581 adduci.

218 3617 274 3667 cet,
295 3601 395 3670 inquit,
412 3601 488 3654 vobis
505 3605 557 3658 hoc
574 3608 631 3660 fieri
645 3608 719 3679 quod
764 3606 856 3660 -Vel
869 3621 994 3676 mupnnm
1008 3616 1110 3676 proestet
1122 3605 1258 3658 Achillem.
1340 3663 1341 3666 Ἴ

216 3679 442 3749 hostispostulat,
454 3704 464 3726 ιι
475 3694 632 3757 tantumque
640 3689 718 3738 bonis
762 3687 794 3735 Et
805 3695 895 3758 proesto
907 3685 996 3749 illum,
1010 3683 1038 3734 id
1048 3697 1101 3748 est,
1112 3686 1206 3735 melior
1215 3685 1259 3736 illo

218 3757 403 3810 communibus
414 3758 491 3810 obsto
502 3785 529 3826 r,
540 3777 566 3814 et
576 3768 602 3815 in
615 3777 715 3817 tantum
762 3783 833 3827 suut,
846 3777 871 3814 et
880 3775 972 3834 proesto
982 3764 1023 3814 illi
1035 3763 1155 3812 dicimus.
1167 3763 1256 3815 Cicero
1340 3769 1341 3772 ’

219 3839 314 3890 obelum
325 3833 472 3886 commodis
484 3840 613 3907 publicis,
627 3857 656 3892 ut
667 3846 717 3893 nisi
761 3846 788 3893 in
797 3843 962 3906 Caesarianis,
975 3841 1080 3892 «Tanto
1089 3840 1133 3892 ille
1141 3846 1258 3913 superio·

219 3917 292 3970 solus
313 3913 486 3980 dimicavero,
512 3921 637 3971 concidat
659 3924 718 3974 uni·
761 3939 803 3972 res
815 3921 915 3972 vicerat
927 3919 1026 3992 gloria,
1043 3934 1143 3991 quanto
1158 3935 1188 3974 tu
1202 3942 1257 3976 οπε-
1340 3929 1341 3956 ³

217 4014 291 4049 versa
308 3991 473 4066 respublica:
490 4008 515 4047 ct
529 3999 643 4066 imputat
658 4014 717 4052 tan-
761 4001 840 4054 nibus
849 4003 1026 4072 praestitisti.»
1041 4003 1113 4054 Serv.
1340 3993 1341 3996 Ἴ
