2726 4592
243 261 307 328 362
491 266 525 328 P.
549 263 780 328 VlliGlLll
804 264 1038 332 Mauouls

240 387 432 466 praeconium
442 385 564 466 Virgilii
577 385 669 446 multi
681 385 827 448 clamant.
840 388 959 448 Pierius
970 387 1016 448 lib
1026 387 1105 448 XlV:
1120 390 1286 473 «Virgilius

241 474 359 534 nullius
372 477 498 555 ignarus
512 476 693 556 disciplinas.
705 502 719 532 ιι
732 477 874 538 Donatus
889 476 980 536 Prmf.
996 502 1010 532 ιι
1022 479 1159 539 Diversae
1174 481 1288 561 proies

242 565 339 626 sionis
360 579 391 626 et
409 565 600 628 diversarum
622 567 737 624 artium
756 563 960 646 scriptoribus
979 567 1168 626 benevolum
1189 589 1239 645 se,
1260 581 1291 628 et

241 653 463 732 peritissimum
476 651 636 712 doctorem
650 651 774 734 prebet.
786 679 799 708 ιι
813 653 954 714 Macrob.
966 651 1021 714 lib.
1037 657 1049 712 l
1064 656 1170 714 Somn.
1185 680 1201 710 ι
1214 656 1288 716 Nul-

240 739 301 801 lius
314 738 485 822 disciplinae
499 757 622 823 expers:
635 739 873 822 disciplinarum
882 742 1027 802 omniurn
1039 743 1285 823 peritissimum„

156 876 159 888 .
241 829 359 890 ibidem
372 832 430 906 ait,
451 831 540 892 illum
559 831 699 914 proferre
717 833 881 892 sententias
903 851 966 890 rex
984 833 1096 890 intima
1117 831 1287 914 disciplima
1354 867 1355 922 p

179 949 187 969 ι
242 918 496 998 profunditatem>
513 917 612 984 etlib.
632 921 677 994 ll;
695 919 887 1001 uVirgilius,
905 939 999 1002 quem
1017 921 1287 1001 nulliusunquarn
1354 931 1355 974 ι

241 1008 413 1090 discipliuae
429 1031 516 1072 error
530 1010 707 1070 involvitzn
722 1023 751 1070 et
767 1010 781 1068 1
796 1012 918 1070 Saturn.
934 1035 949 1065 ιι
961 1011 1050 1070 Maro
1065 1011 1210 1069 omnium
1228 1009 1292 1069 dis-

241 1097 429 1178 ciplinarum
444 1102 598 1182 peritum
616 1099 691 1160 Ideo
712 1101 755 1160 ait
773 1098 849 1160 alibi
870 1099 957 1160 idem
969 1099 1161 1174 Macrobius,
1178 1099 1288 1159 debere

239 1210 303 1250 esse
322 1191 585 1265 oculatissimus,
605 1192 658 1272 qui
679 1205 842 1272 penetrare
855 1191 1023 1272 Virgilium
1038 1189 1170 1250 debeat:
1185 1191 1288 1270 Virgi-

239 1279 301 1340 lius
315 1280 413 1342 Coelio
427 1295 556 1344 vocatur
568 1283 785 1358 scientissimus,
799 1281 886 1340 libris
895 1281 969 1354 Vll,
983 1279 1039 1363 24,
1053 1281 1107 1356 26,
1121 1301 1177 1362 27:
1194 1296 1223 1338 et
1233 1279 1286 1339 lib.

239 1369 307 1443 Vll,
321 1367 454 1450 loquens
467 1368 506 1430 de
518 1369 573 1432 lib.
583 1369 626 1426 Vl
639 1367 759 1430 AEueid.
773 1370 834 1428 ait:
848 1367 1047 1451 ‹tVirgilianae
1060 1367 1214 1428 doctrinm
1224 1366 1290 1426 the-

241 1477 349 1518 saurus
360 1481 367 1518 :
378 1484 393 1516 ιι
412 1460 444 1518 iu
462 1459 516 1520 lib.
530 1459 658 1532 XXVll,
670 1467 898 1540 vocatpoeta'm
911 1457 1105 1520 multiscium:
1118 1461 1152 1517 in
1167 1457 1224 1516 lib.
1237 1456 1289 1518 llll
1354 1509 1355 1540 ἒ

242 1547 298 1606 ait:
316 1548 482 1610 edoctrina
496 1548 696 1610 multifarius.
705 1575 721 1606 ιι
735 1548 844 1631 Scalig.
859 1547 949 1610 lib.V
957 1573 966 1626 ,²
983 1573 998 1604 ιι
1008 1563 1053 1608 est
1065 1550 1097 1608 in
1109 1569 1145 1608 eo
1159 1547 1291 1629 proluu-

241 1634 281 1700 da
294 1656 398 1696 rerum
414 1638 578 1700 scientia.»
593 1637 801 1718 Calcagniuus
816 1637 871 1698 lilr.
882 1639 911 1698 ll
923 1635 1163 1718 Epistolicarum
1175 1637 1289 1711 Quaest.

243 1716 1290 1805 'uVirgiliumomniumrerumperitissimum.nCriniulib.thsatis
1354 1727 1355 1760 ι

241 1823 450 1891 compertum,
464 1811 542 1874 adeo
552 1812 719 1893 multiplici
729 1825 759 1872 et
768 1814 853 1872 varia
862 1811 1030 1892 Virgilium
1040 1811 1216 1892 praesntisse
1225 1809 1292 1869 doc·

241 1901 338 1976 trina,
353 1913 388 1960 ut
405 1915 434 1962 et
450 1902 581 1964 caelestia
596 1904 713 1984 pariter
725 1917 755 1963 et
766 1901 906 1962 humana
924 1903 1058 1961 maxime
1069 1900 1264 1960 intellexerit.
1274 1925 1292 1956 ιι

240 1990 355 2052 Anton.
368 1991 497 2053 Mintur.
511 1991 641 2054 lib.1de
653 1994 738 2052 Poet.
754 1994 849 2054 ulam
858 2012 944 2066 vero,
953 2013 1024 2072 quac
1036 2003 1098 2050 tam
1111 1989 1294 2070 multiplicis

242 2074 444 2159 obscurasque
455 2080 700 2161 investigationis
710 2078 885 2161 disciplina,
897 2099 965 2159 quae
977 2078 1080 2140 studia
1088 2077 1241 2136 doctrinae
1252 2079 1293 2135 lta

241 2165 395 2228 mirabilis
413 2183 444 2228 ct
462 2168 646 2248 reconditae,
665 2169 754 2249 cujus
774 2191 840 2230 uon
860 2169 913 2230 ille
934 2171 1014 2228 iuter
1035 2182 1198 2250 poemata,
1224 2188 1292 2248 quae

241 2257 436 2338 conscripsit,
448 2260 602 2340 principia
619 2272 648 2320 et
659 2260 777 2320 semina
791 2259 998 2340 asperseriti’»
1013 2257 1164 2318 Hadrian.
1179 2259 1197 2316 J
1201 2258 1294 2316 unius
1354 2291 1355 2324 ι

241 2339 296 2404 lib.
312 2342 325 2400 l
342 2345 554 2408 Animadvers.
566 2365 636 2428 cap.
646 2367 675 2427 9.
692 2371 705 2402 ιι
718 2347 914 2426 antiquitatis
926 2347 1092 2406 altissimus
1102 2363 1217 2425 gurges
1227 2347 1296 2404 Vir·

241 2431 344 2513 gilius.
356 2460 369 2490 ιι
386 2436 550 2498 Landiuus
565 2438 625 2510 ait,
642 2436 733 2498 illum
748 2437 949 2516 investigasse
962 2455 1065 2496 mores
1078 2436 1227 2493 omnium
1242 2453 1295 2493 na·

241 2524 374 2584 tionum.
387 2522 535 2586 Absolvat
545 2522 630 2584 hanc
643 2537 762 2606 partem
774 2524 892 2603 grande
904 2523 1032 2604 quidem
1044 2522 1192 2602 Elogium
1205 2523 1296 2581 Fabii

242 2610 367 2671 Paulini
378 2609 747 2693 HebdomadVirgilian.
763 2611 818 2672 lib.
830 2614 853 2672 l.
869 2638 882 2667 ιι
892 2613 943 2672 Dii
956 2611 1162 2685 immortales,
1175 2625 1294 2691 quanta
1354 2611 1355 2674 l

243 2710 288 2760 est
302 2699 335 2758 iu
348 2697 408 2760 hoc
422 2713 515 2781 poeta
530 2721 634 2762 rerum
647 2703 792 2762 omnium
805 2702 951 2771 scientia,
966 2713 1082 2782 quanta
1094 2701 1128 2758 in
1140 2701 1232 2758 omui
1244 2719 1295 2778 ge-
1354 2697 1355 2766 J

242 2807 317 2850 nere
336 2785 459 2852 dicendi
476 2791 622 2866 uarietas,
641 2805 760 2872 quanta
777 2792 837 2866 vis,
857 2803 976 2872 quanta
991 2789 1097 2870 copia!
1114 2807 1184 2852 nou
1203 2800 1250 2846 est
1263 2791 1295 2846 in

241 2877 319 2954 hoc,
331 2881 410 2940 utin
423 2881 530 2942 ceteris
540 2879 711 2962 plerisque,
722 2879 890 2941 verborum
900 2877 1084 2939 volubilitas
1094 2879 1214 2952 inanis,
1224 2875 1296 2936 nul-

242 2967 272 3030 la
284 2969 425 3050 subjecta
436 2971 605 3046 sententia,
616 2983 711 3050 atque
724 2973 852 3029 materia
862 2969 957 3049 digna
969 2965 1181 3048 philosopho:
1193 2965 1247 3025 sed
1261 2985 1296 3024 ex

244 3060 367 3121 infinita
382 3079 569 3141 magnarum
584 3079 689 3120 rerum
708 3075 740 3119 et
758 3061 875 3120 artium
889 3059 1070 3138 cognitione
1090 3055 1298 3115 efflorescunt
1354 3101 1355 3134 3

244 3163 335 3230 atque
355 3148 534 3210 redundant
553 3168 686 3209 nervosa
701 3147 754 3207 illa
771 3162 801 3209 et
812 3169 912 3232 prope
930 3147 1037 3206 divina
1054 3146 1205 3206 carmina.
1226 3147 1297 3202 Non
1354 3167 1355 3182 ι

245 3239 340 3300 modo
351 3238 529 3299 fabularum
540 3239 723 3313 lenociniis,
734 3251 765 3298 et
779 3240 869 3320 qnasi
883 3237 1037 3297 cincinnis
1052 3233 1091 3294 ad
1101 3233 1298 3314 voluptatem

244 3337 367 3388 tantum
387 3327 574 3408 comparatis
592 3347 684 3386 suum
702 3347 828 3386 carmen
848 3338 993 3398 exornat3
1010 3323 1061 3382 sed
1080 3343 1116 3382 ex
1133 3321 1251 3380 abditis
1269 3333 1300 3378 et

244 3411 414 3476 reconditis
425 3414 568 3474 omnium
577 3415 692 3474 artium
702 3411 846 3473 fontibus
854 3411 1066 3494 pulcherrima
1076 3429 1210 3490 quaeque
1220 3406 1300 3466 hau·

245 3504 302 3576 rit,
316 3513 347 3560 ct
362 3502 395 3560 iu
408 3503 541 3564 texendo
554 3504 692 3567 carmine
707 3502 783 3562 adeo
798 3515 870 3584 apte
885 3515 916 3562 et
929 3516 1037 3568 ornate
1049 3497 1201 3572 collocat,
1218 3499 1299 3579 ipsa-

245 3611 316 3652 rum
335 3591 430 3650 etiam
445 3589 625 3654 fabularum
641 3594 890 3654 circumvestiens
904 3591 1090 3672 plerumque
1108 3588 1298 3660 involueris,

246 3690 282 3738 ut
300 3698 335 3736 ea
355 3675 537 3739 meditando
556 3700 728 3760 agnoscens
748 3679 831 3740 docti
851 3679 976 3739 lectoris
992 3680 1117 3737 animus
1135 3673 1298 3758 expleatur

248 3764 440 3831 suauissima
457 3765 600 3826 lectionis
617 3766 797 3849 voluptate:
815 3779 846 3824 et
861 3764 922 3824 hoc
937 3765 1090 3844 cogitanti
1105 3762 1186 3822 mihi
1202 3781 1299 3844 sarpe-

249 3874 381 3915 numero
391 3857 563 3936 permirum
576 3854 675 3922 rideri
690 3856 782 3929 solet,
794 3854 879 3936 quod
893 3846 1002 3914 nullus
1013 3854 1053 3913 sit
1062 3852 1189 3927 artilex,
1204 3869 1298 3912 nemo

250 3941 474 4030 philosophus,
485 3966 579 4030 uerno
589 3945 843 4022 mathematicus,
856 3955 911 4004 aut
919 3943 1049 4004 illustris
1063 3941 1195 4032 alicujus
1206 3943 1302 4001 scien·
