2720 4588
192 239 256 304 218
523 241 905 309 COMMENTARlA

193 363 294 442 gulari
311 363 371 424 hoc
389 366 557 425 certamine
569 369 650 426 uivus
667 368 724 426 erit
743 368 776 426 iu
797 371 941 428 omnium
961 389 1027 444 ore3
1051 371 1236 453 succedatque

185 455 275 536 famu
286 455 327 514 ad
336 457 459 536 Superos
464 475 556 528 ,mam
572 455 699 514 illorum
713 479 742 516 se
755 461 814 517 uris
824 459 956 535 deuoret,
970 463 1089 541 eritque
1103 463 1136 520 in
1148 475 1235 521 aeter-

192 563 271 602 num
283 539 382 601 liber:
400 563 457 602 nos
476 545 611 624 patriam
626 545 821 620 amittemus,
836 545 1014 628 parebimus
1033 547 1187 628 dominis,
1206 561 1237 608 et

191 631 240 691 his
254 633 498 714 superbissimis,
518 635 591 714 quia
612 636 644 693 in
662 636 739 693 urnis
760 633 829 695 lenti
847 637 1024 698 consedimus
1043 637 1081 697 ad
1100 650 1238 718 spectan-

195 720 282 781 dum.
935 750 937 756 ·

233 810 301 868 238.
314 809 512 868 Commutata
526 807 632 868 subito
652 810 753 869 studia
767 826 854 885 sunt;
869 813 1052 894 incensique
1067 812 1105 872 ad
1117 811 1239 872 bellum

190 896 338 978 juvenes,
351 910 380 957 et
390 896 452 972 illi,
466 899 519 978 qui
532 898 628 980 paulo
638 913 709 958 ante
723 902 822 959 otium
836 902 1000 977 amabant,
1011 917 1041 962 et
1050 923 1150 962 unum
1160 903 1240 960 Tur-

193 1007 271 1045 num
283 987 452 1066 periclitari
468 986 632 1062 volebant,
647 987 712 1066 jam
725 1009 789 1048 non
806 988 906 1048 solum
918 989 1043 1062 volunt3
1057 989 1108 1048 sed
1121 1009 1241 1070 precan-

195 1089 254 1147 tur,
265 1096 328 1155 quo
340 1077 522 1135 aviditatem
534 1089 678 1136 votorum
691 1077 845 1157 intelligas
854 1077 965 1160 ,fndus
975 1080 1123 1160 infhctum.
1134 1078 1240 1152 Ratio,

196 1166 270 1243 quia
290 1167 465 1224 miserantur
489 1168 582 1224 Turni
601 1179 703 1225 sortem
724 1168 869 1245 iniquam,
885 1165 916 1222 id
940 1180 999 1240 est,
1018 1167 1189 1246 imparem,
1212 1175 1243 1223 et

193 1274 259 1312 non
272 1273 395 1334 aequam
410 1277 416 1312 :
431 1255 533 1335 impar
548 1256 631 1312 enim
646 1253 767 1313 viribus
780 1255 890 1313 AEncae.

235 1338 302 1416 244.
317 1343 442 1423 Semper
461 1341 544 1400 idem
563 1357 609 1400 est
632 1344 738 1417 Maro,
758 1341 790 1400 id
811 1353 872 1416 est,
894 1358 1015 1422 semper
1037 1341 1071 1398 in
1090 1340 1244 1399 omnibus

195 1431 349 1490 maximus
363 1453 369 1488 :
384 1430 648 1511 quemadmodum
664 1433 695 1490 iu
712 1430 846 1511 secundo
860 1428 943 1489 libro
957 1429 1099 1490 AEneidos
1109 1474 1117 1506 ‚
1128 1441 1162 1489 ut
1176 1431 1244 1488 vim

195 1515 321 1576 adderet
330 1519 464 1578 orationi
474 1519 612 1593 Sinonis,
624 1519 698 1578 fecit
710 1521 925 1578 Laocoontem
936 1516 1078 1576 devorari
1091 1519 1107 1575 'a
1118 1535 1245 1596 serpen·

194 1602 295 1676 tibus3
306 1607 348 1663 ita
358 1604 417 1664 hoc
427 1606 515 1681 loco,
527 1621 562 1666 ut
574 1609 638 1665 vim
651 1604 747 1664 addat
758 1607 895 1666 orationi
908 1608 1065 1677 luturuae,
1076 1604 1245 1692 augurium

196 1694 341 1769 advocat,
354 1708 389 1754 ut
402 1717 468 1756 non
481 1695 586 1757 faciles
598 1695 705 1755 Rutuli
718 1695 884 1755 videantur
897 1697 930 1753 in
943 1693 1051 1753 subita
1064 1695 1244 1752 animorum

195 1786 459 1844 commutatione:
479 1783 648 1866 etquidem
663 1787 828 1866 paritatem
847 1786 1011 1864 utriusque
1025 1783 1089 1842 loci
1104 1784 1176 1842 satis
1195 1783 1243 1840 in-

194 1871 280 1930 dicat
294 1885 402 1951 poeta;
418 1894 491 1931 nam
508 1887 543 1932 ut
557 1871 618 1948 ibi,
630 1875 690 1933 Hic
707 1871 792 1933 uliud
805 1869 899 1954 majus
916 1873 1042 1944 miseris,
1059 1883 1118 1930 etc.
1133 1869 1177 1928 ita
1190 1867 1242 1928 hic

195 1960 365 2033 ctiam,Hic
373 1957 458 2020 aliud
466 1958 559 2040 majus
567 1965 707 2041 saturne,
717 1960 838 2022 etc.Sed
847 1958 914 2041 jam
924 1958 964 2019 ad
976 1959 1162 2036 sententiam
1172 1981 1178 2016 :
1190 1960 1243 2032 ait,

196 2050 363 2108 Juturuam
376 2048 496 2110 dedisse
508 2052 631 2131 signum
645 2049 783 2125 incaelo,
798 2070 862 2133 quo
878 2048 1003 2108 nullutn
1011 2051 1196 2130 praesentius,
1211 2045 1243 2106 id

198 2153 260 2215 est,
276 2139 431 2200 efficacius
453 2140 492 2201 ad
517 2141 689 2202 turbandos
703 2141 814 2216 Italos,
835 2142 940 2223 potius
962 2139 1001 2200 ad
1020 2137 1192 2212 fallendos;
1214 2151 1245 2198 et

198 2229 316 2308 signate
329 2243 471 2304 monstro,
485 2249 555 2314 quae
565 2251 625 2290 vox
635 2245 682 2290 est
692 2243 876 2312 auguratus;
889 2247 964 2287 nam
978 2239 1104 2288 monstro
1115 2229 1131 2283 a
1143 2241 1245 2284 mons·

191 2311 326 2394 ¹trandu,
339 2319 424 2399 quod
435 2317 585 2380 futurum.
613 2323 617 2332 '

238 2404 306 2488 247.
328 2409 473 2488 Sequitur
494 2409 682 2488 augurium:
704 2403 844 2488 agitabat
864 2405 970 2487 aquila
990 2402 1153 2474 volucres,-
1174 2417 1244 2480 qua

199 2513 289 2556 erant
302 2499 336 2557 in
348 2519 384 2557 ea
395 2497 503 2571 litore3
518 2511 550 2557 et
569 2517 631 2558 uua
647 2517 746 2578 quum
764 2509 857 2570 esset,
878 2495 1002 2554 turbam
1018 2503 1117 2584 totam
1134 2489 1245 2569 aligeri

200 2587 332 2664 agminis
344 2586 550 2665 perterrebat,
564 2599 676 2646 actum
687 2586 793 2644 subito
803 2584 910 2644 volatu
921 2581 1029 2662 illapsa
1040 2613 1048 2652 ς
1061 2599 1091 2637 se
1102 2580 1133 2636 in
1143 2577 1246 2659 proxi·

200 2693 284 2730 mam
299 2671 386 2731 dedit
403 2673 567 2754 paludem,
586 2687 616 2732 et
634 2676 742 2754 rapuit
762 2673 922 2755 unguibus
941 2687 1088 2752 cycnum,
1108 2669 1164 2750 qui
1183 2685 1246 2748 pra

200 2759 309 2818 ceteris
324 2759 502 2820 excellebat.
639 2821 642 2827 ,

242 2847 308 2908 251.
321 2847 368 2906 td
378 2846 517 2908 subitum
530 2849 739 2930 spectaculum
748 2849 862 2907 'arrecti
876 2858 950 2905 sunt
959 2843 1046 2917 Itali,
1057 2853 1088 2901 et
1099 2859 1136 2898 eo
1150 2841 1248 2919 magis

201 2939 366 3013 commoti,
382 2939 467 3020 quod
478 2953 640 3016 cernerent
652 2938 806 3013 volucres,
819 2955 888 3018 quse
900 2936 986 3018 prius
999 2932 1138 3013 aquilam
1151 2929 1250 3010 fugie-

201 3026 302 3105 bant,
323 3049 475 3090 converso
499 3033 533 3088 in
557 3049 626 3088 eam
647 3027 798 3102 clamore,
818 3029 862 3086 ita
883 3042 948 3084 sese
968 3022 1191 3093 conclusisse,
1215 3031 1249 3076 ut

203 3118 441 3201 obscuratoprae
451 3116 655 3178 multitudine
668 3137 753 3192 aere,
764 3117 908 3196 iactaque
920 3113 1018 3188 nube,
1031 3121 1118 3172 tanto
1131 3110 1164 3166 in
1178 3123 1247 3166 eam

204 3207 325 3287 impetu
346 3210 508 3283 irruerint,
526 3219 561 3267 ut
582 3225 617 3266 ea
635 3205 765 3287 fugerit,
784 3203 925 3287 projecto
948 3205 982 3262 in
1004 3219 1119 3283 aquarn
1132 3215 1248 3278 cycno,

202 3297 233 3353 vi
247 3295 413 3356 volucrum
428 3300 524 3373 victa,
537 3309 567 3356 et
581 3298 590 3354 i
594 3316 652 3376 pso
665 3297 803 3377 pondere
816 3294 995 3373 defatigata.

244 3382 310 3463 257.
323 3385 431 3443 Rutuli
448 3384 564 3444 alacres
579 3382 619 3442 ad
634 3385 800 3463 augurium
814 3381 891 3455 hoc;
906 3395 975 3438 tum
992 3376 1087 3450 illud,
1101 3373 1247 3444 salutant,

205 3467 238 3527 id
251 3482 314 3542 est,
329 3485 614 3544 veneranturatum
626 3491 731 3531 manus
744 3484 894 3551 tanquam
912 3464 951 3525 ad
968 3483 1072 3544 preces
1085 3460 1249 3544 expediunt.

240 3643 297 3696 250.
312 3643 496 3697 Excellentem.
514 3648 655 3720 Magnum,
669 3650 703 3699 si·
784 3645 842 3699 258.
852 3636 1248 3714 Expediuntquemonusflimi·

204 3725 285 3776 autin
293 3723 410 3773 exercitu
418 3739 528 3796 magnas
537 3742 576 3778 est
586 3729 701 3779 Turnus.
749 3745 808 3778 care
819 3743 847 3777 se
857 3723 924 3774 velle
935 3721 1100 3793 significant:
1111 3717 1168 3769 ltaec
1179 3716 1248 3767 enim

207 3804 638 3882 -Conuertuntclamorefuqum
652 3809 703 3859 lle·
749 3818 789 3858 est
807 3801 946 3856 consensio
964 3801 1092 3852 militaris.
1111 3799 1248 3860 Lucanus,

207 3884 289 3935 dsunt
301 3899 361 3934 cum
374 3881 503 3954 clamore,
522 3887 590 3939 sicut
602 3889 704 3942 exerci-
750 3884 910 3952 «Elatasque
919 3880 971 3932 alte
980 3895 1145 3951 quaecunque
1154 3874 1188 3928 ad
1196 3874 1251 3926 bel·

207 3977 249 4016 tus
259 3961 334 4014 solet.
347 3962 416 4013 Serv.
751 3965 777 4015 la
793 3975 902 4016 vocaret
918 3963 1065 4014 Promisere
1079 3971 1206 4010 manus.»
1224 3953 1249 4004 S-
