2654 4590
302 353 824 424 1ursnsroosn1s.1x.
1043 361 1083 450 57

47 485 171 554 rismum,
186 492 336 560 cognato
350 481 501 538 sermone·
512 477 600 537 Dixit'
611 472 711 554 ruunt,
725 481 797 560 quia
812 482 972 542 vastissimi
984 479 1085 541 homi·

14 633 15 646 ,
48 575 84 630 nis
99 591 219 630 occasus
239 569 363 630 debuit
381 568 485 628 vocari
504 567 624 628 oediiicii
643 570 748 642 ruina3
768 569 838 630 ideo
860 572 980 646 statim,
1002 568 1085 630 tellus

13 670 14 722 i
48 663 135 738 gemit:
148 672 178 718 et
190 659 271 739 quia
289 658 392 738 gigas,
405 658 502 716 instar
513 655 635 715 aedilicii
646 669 699 716 aut
709 659 814 732 turris,
830 660 999 740 percutitur
1010 655 1087 740 pha·

49 746 140 820 larica,
153 768 223 828 quae
236 748 386 827 torqueri
400 746 489 805 solita
503 748 536 804 in
549 761 654 806 turres.
668 746 743 806 Inde
754 761 858 827 postea
867 749 957 826 (nota
970 747 1085 806 mirum

49 837 159 915 nerum)
180 849 394 918 comparatur
408 855 480 895 cum
495 837 558 917 pila
573 835 774 896 aedificiorum
789 859 795 894 z
811 835 911 895 adhuc
925 835 1086 895 considera

49 923 211 1003 vigilantem
228 924 322 985 hunc
335 927 469 1006 Argum,
489 940 519 984 et
532 947 601 984 vere
615 924 825 1000 centoculum,
842 924 1021 1004 Virgilium,
1041 925 1086 982 in·

51 1034 134 1092 quam.
156 1016 267 1074 Homo
284 1014 394 1075 ardens
407 1013 498 1075 oculis
516 1016 686 1095 percutitur
699 1014 812 1076 ardenti
818 1013 962 1097 fulmine,
987 1027 1016 1073 et
1026 1013 1085 1094 sre-

51 1123 112 1162 mrns
123 1107 232 1164 animis
248 1104 416 1187 phalarica
431 1104 584 1164 stridente:
599 1106 703 1185 itaque
717 1103 834 1162 fulmen
847 1119 953 1164 contra
966 1105 1085 1182 ignem;

51 1191 142 1251 stridor
156 1205 273 1252 contra
291 1193 471 1253 fremitum:
490 1193 543 1254 sed
560 1208 590 1252 et
607 1194 682 1274 quia
693 1189 853 1272 phalarica
858 1189 992 1273 fislmeu,
1016 1189 1085 1248 ideo

52 1292 162 1339 morona
175 1281 281 1341 verbo
295 1283 395 1341 lovis.

79 1386 137 1445 7¹⁰·
156 1368 277 1428 Vidisti
298 1370 379 1451 pilas
393 1372 426 1428 in
445 1369 537 1430 litore
550 1371 710 1444 Baiarum,
732 1389 802 1450 quae
818 1369 939 1448 magnis
952 1366 1087 1426 molibus

50 1469 217 1518 constructae
230 1473 313 1518 sunt
327 1472 435 1518 contra
451 1461 516 1518 vim
534 1459 641 1531 maris,
659 1457 741 1538 finge
753 1478 848 1516 unam
865 1475 968 1515 earum
984 1457 1015 1513 in
1031 1472 1087 1511 un·

51 1537 93 1596 das
106 1543 225 1618 cadere3
239 1566 342 1626 quarn
356 1547 480 1604 ruinam
493 1545 546 1604 illa
560 1544 678 1604 trahet?
691 1547 737 1604 uti
751 1544 922 1617 recumbet,
936 1540 1088 1599 illidetur·

51 1644 99 1702 que
110 1631 193 1710 aquis
205 1633 335 1712 ingenti
347 1632 469 1692 sonitu?
486 1631 608 1692 videbis
621 1634 742 1692 misceri
758 1632 869 1705 maria,
889 1644 920 1689 et
934 1647 1039 1688 arenas
1054 1626 1088 1684 in

52 1712 131 1775 altum
144 1720 230 1780 tolli:
250 1723 335 1804 quin
347 1721 453 1783 audies
465 1722 502 1784 ad
519 1722 602 1782 hanc
613 1725 737 1782 ruinam
752 1721 885 1781 insulam
900 1715 1087 1798 Prochytam

53 1817 176 1882 tremere,
198 1826 229 1871 et
248 1813 437 1888 Inarimem,
459 1833 528 1894 quae
548 1811 689 1894 Typhoeo
712 1813 875 1893 imposita:
899 1809 992 1869 talem
1012 1817 1087 1887 puta

52 1890 121 1953 liitiae
131 1918 256 1974 casum3
269 1904 300 1960 τὸ
314 1900 420 1965 durum
434 1900 543 1974 cubile,
556 1902 807 1982 prestantissima
820 1899 944 1958 dictum.
961 1895 1007 1954 De
1020 1895 1088 1951 Pro-

52 1979 128 2062 chyta
140 2002 170 2047 et
180 1989 338 2065 Inarime,
352 1993 480 2052 consule
490 1995 657 2052 Excursum
668 1991 850 2063 secundum,
862 1987 924 2046 vol.
937 1987 988 2060 lV,
997 2005 1028 2065 p.
1040 1984 1088 2061 89.

83 2093 142 2154 717.
159 2079 197 2137 In
214 2079 281 2139 boc
297 2080 418 2142 fervore
435 2079 526 2156 belli,
546 2080 696 2162 placitum
713 2082 805 2140 Marti
823 2099 886 2138 sese
898 2097 955 2159 pro
969 2073 1087 2133 Latinis

53 2175 212 2228 ostentaret
230 2172 337 2251 itaque
348 2170 396 2232 his
410 2171 502 2248 favit,
518 2183 547 2232 et
561 2171 703 2251 Trojanis
717 2173 862 2230 timorem
875 2167 998 2228 intulit:
1015 2181 1087 2242 ergo

81 2321 134 2376 7⁰7·
146 2312 259 2384 Duplici
270 2333 377 2387 squama
389 2327 414 2366 et
424 2335 497 2368 auro.
512 2315 543 2368 Id
586 2328 677 2366 tamen
697 2314 730 2366 de
750 2312 909 2384 imaginibus
926 2305 1037 2376 intelligi
1056 2322 1087 2355 eo

56 2395 103 2445 0⁸1,
124 2387 281 2461 duplicibus
305 2395 422 2464 squamis
446 2398 541 2448 aureis.
588 2393 649 2444 loco
668 2391 790 2442 nonnulli
811 2390 914 2439 volunt.
934 2385 1034 2436 Asserit
1054 2380 1088 2432 sd

55 2463 157 2532 Squamoe
168 2485 262 2521 autem
275 2486 336 2523 sunt
345 2473 489 2526 loricarum
499 2495 542 2526 ca·
588 2474 644 2525 haee
666 2475 769 2523 Nonius
790 2458 947 2530 Marcellus,
969 2463 1088 2536 clypeum

56 2553 109 2594 tene
119 2548 145 2598 in
156 2549 270 2600 modum
283 2569 399 2621 squamae
410 2557 543 2625 composi·
588 2567 702 2623 utroque
710 2571 806 2626 genere
815 2569 864 2622 pro
872 2559 942 2601 scuto
949 2543 1088 2614 Virgilium

57 2633 92 2672 12:
110 2643 170 2679 sane
193 2647 310 2700 squomoe
328 2642 354 2681 et
373 2631 542 2700 splendorem
587 2634 723 2704 posuisse,
741 2644 770 2682 ut
792 2649 824 2682 eo
841 2629 916 2691 loco,
938 2621 1088 2675 «Ardentes

57 2703 205 2774 significant,
224 2712 247 2763 si
266 2729 282 2761 a
303 2710 419 2780 piscibus
436 2715 542 2774 veniat;
589 2714 717 2784 clypeos»
736 2734 741 2762 ε
762 2723 788 2763 et
809 2709 853 2761 hic
882 2706 1025 2778 aolypeum
1041 2717 1088 2751 δῦ·

58 2787 186 2854 etsordes,
206 2792 229 2841 si
244 2789 278 2840 ab
296 2790 435 2860 squalore:
451 2793 499 2844 sed
515 2795 543 2843 in
588 2811 637 2862 per
655 2794 760 2842 intonat
780 2791 904 2861 ingens.»
926 2783 993 2835 Vide
1008 2791 1086 2832 nolus

57 2863 151 2936 Virgilio
164 2867 338 2939 splendorem
348 2869 447 2940 ubique
462 2873 545 2942 signi·
589 2870 641 2920 vol.
655 2870 699 2935 lv,
712 2888 773 2938 pag.
788 2885 835 2934 72,
845 2866 878 2916 de
890 2864 932 2914 his
942 2875 968 2914 et
980 2877 1088 2928 compa-

58 2940 544 3020 ficaut.Serv.-Quumait,duplicem,
589 2949 692 2998 ratione
704 2947 833 3016 sequenti.

58 3023 166 3099 intelligit
180 3027 289 3079 bilicem
305 3028 430 3094 loricam,
449 3029 477 3080 id
491 3041 544 3096 est,
612 3027 685 3095 718.
709 3023 833 3077 Stimulos
857 3039 932 3071 acres.
959 3014 1087 3067 Saeviendi

58 3104 192 3177 cuiduplex
200 3106 268 3158 ordo
276 3125 473 3179 squammarum
482 3108 543 3160 loco
589 3105 704 3156 scilicet:
718 3122 780 3154 nam
791 3112 852 3152 sunt
866 3111 892 3148 et
904 3095 1006 3148 timoris
1018 3107 1044 3144 et
1056 3093 1088 3144 li·

57 3175 179 3236 liciorum:
193 3199 219 3238 et
229 3185 291 3238 ideo
296 3184 399 3258 fidelis,
413 3188 476 3257 quia
489 3207 545 3240 ma·
588 3184 687 3235 bidinis
707 3180 814 3234 stimuli.
833 3174 960 3228 Notanda
980 3191 1086 3245 quoque

57 3259 91 3324 jor
101 3266 177 3316 virtus
187 3265 215 3316 in
225 3263 328 3336 duplici
341 3264 443 3317 ordine.
588 3263 798 3335 prooeoonomia,
810 3277 867 3330 quse
875 3255 903 3308 id
911 3257 1015 3328 agit,ut
1022 3253 1089 3306 veri·

88 3357 138 3412 709.
157 3347 195 3396 Et
210 3344 333 3416 clypeum
350 3364 427 3416 super
444 3347 546 3402 intortae
589 3345 673 3397 simile
691 3347 724 3395 sit
741 3343 861 3391 Turnum
879 3339 1007 3388 victorem
1024 3354 1087 3388 eva·

62 3417 142 3491 lugens.
163 3423 296 3477 Dubitare
314 3424 419 3477 videtur
441 3424 544 3478 Servius
590 3427 654 3476 sisse
667 3425 700 3476 de
713 3422 813 3475 castris.
824 3421 893 3473 Serv.
903 3447 938 3458 -
949 3417 1042 3468 Atmm
1054 3417 1087 3468 o·-

62 3515 89 3548 au
104 3503 218 3576 clypeum
239 3505 329 3577 ingens
348 3503 490 3557 dicendum
511 3508 545 3558 sit
589 3523 695 3554 morem.
721 3502 770 3552 Per
791 3497 960 3569 metalepsim
985 3495 1013 3546 id
1034 3510 1087 3562 est,

60 3597 139 3647 genere
151 3597 264 3649 neutro,
283 3597 313 3635 ut
330 3603 389 3635 curn
406 3587 545 3638 Homerica
590 3597 709 3654 turpem,
732 3579 871 3631 odiosum:
894 3593 990 3639 exeo,
1013 3575 1086 3645 quod

61 3667 174 3716 sententia
186 3676 332 3736 congruat,
351 3660 452 3730 ipsilles
463 3661 546 3716 lierti-
590 3676 646 3716 atra
659 3680 717 3732 quas
731 3673 807 3725 sunt,
827 3658 993 3728 inauspicata
1006 3670 1032 3707 et
1045 3655 1087 3707 fu·

60 3740 91 3804 xs’
105 3743 135 3792 ἐπ’
151 3743 235 3812 alepi:
254 3742 329 3813 quod
342 3743 406 3796 alibi
419 3745 544 3817 Virgilius
590 3758 664 3797 nesta
672 3756 698 3795 et
708 3741 853 3814 injucunda
863 3751 946 3791 erant.
955 3738 1086 3789 -Immi-

61 3826 185 3890 expressit,
206 3822 350 3874 usonitum
371 3841 450 3894 super
471 3843 544 3877 orma
588 3826 620 3877 sit
626 3825 731 3896 fugam.
745 3822 822 3872 Hom,
837 3817 903 3886 ellos
919 3817 1010 3883 lucam.
1025 3819 1086 3870 ilaec

61 3896 172 3954 dedere·
195 3901 248 3955 Sed
270 3903 342 3954 enim
363 3901 452 3955 Livius
475 3903 543 3955 libro
588 3905 706 3954 imitatus
728 3912 767 3952 est
785 3917 846 3951 vere
866 3898 972 3969 poetico
991 3897 1086 3967 spiritu

61 3993 141 4046 quarto
149 3980 180 4032 de
188 3981 263 4034 bello
271 3979 544 4054 Macedonico,sGly·
588 3983 727 4034 AEscurtus
751 3993 842 4032 noster
873 3979 971 4040 noco,
1005 3995 1084 4046 quum

59 4075 102 4126 psa
117 4073 239 4134 argentea
259 4059 375 4112 decenn
399 4063 450 4114 ait:
461 4061 543 4134 *quod
587 4060 725 4134 OEdipum
740 4079 816 4114 suum
835 4060 939 4127 ingrato
958 4053 1012 4105 filio
1027 4053 1086 4106 dira
