2704 4582
323 345 373 408 IN
400 343 637 409 AENEIDOS
660 347 752 410 LIB.
777 351 816 412 X.
1029 375 1089 437 1⁰7

72 465 216 548 impuberi:
237 475 333 548 ergo,
353 489 409 549 per
425 481 545 548 patrem
561 481 651 526 tuum
664 489 751 528 serva
763 468 844 531 banc
858 473 994 531 animam
1007 476 1087 554 patri

71 577 137 629 meo;
153 579 204 639 per
217 571 333 617 matum
348 573 438 616 tuum
451 571 526 615 nato
543 577 612 616 meo
621 580 629 630 3
649 571 683 616 ut
699 559 842 620 videlicet
857 564 968 621 AEneas
984 583 1088 622 recor-

72 643 169 704 datione
180 649 276 728 patris
297 666 336 704 ac
353 646 419 703 nati
436 646 527 704 sciret
543 646 618 724 quid
636 646 804 725 gerendum
817 651 849 707 in
863 651 976 710 alieno.
995 649 1090 710 Addit

70 735 193 811 pretium,
212 736 238 792 si
252 737 311 794 ista
325 755 392 794 mon
406 734 496 807 satis3
510 732 656 793 videlicet
667 733 827 811 thesauros
840 741 958 818 argenti
974 738 1091 811 eaelati;

72 841 157 880 aarum
177 821 295 882 factum
318 823 548 904 infectumque:
573 836 620 896 et,
645 837 680 882 ut
696 823 802 884 credat
818 828 926 887 AEneas
949 825 1008 888 sibi
1027 845 1090 886 esse

71 906 217 987 thesauros,
230 912 323 972 addit
334 913 469 994 speciem
481 913 634 985 veritatis;
647 912 799 974 estdomus
807 913 870 975 alta
876 962 885 990 ,
900 931 959 976 etc.
972 937 979 973 :
991 929 1028 976 ut
1037 914 1090 974 ille

71 997 202 1060 cadomus
214 1002 438 1084 magnitudine
450 1003 580 1061 aestimet
591 1000 734 1067 fortunas
746 1026 752 1060 :
773 1003 901 1064 demum
913 1008 971 1082 ait,
989 1005 1088 1065 victo·

71 1087 127 1146 riam
138 1111 197 1150 mon
210 1106 361 1151 constare
373 1111 405 1150 se
417 1105 471 1150 aut
483 1092 573 1166 vivo,
588 1103 642 1149 aut
653 1104 788 1152 mortuo.

99 1177 151 1237 530.
165 1179 248 1254 Quid
268 1201 345 1241 vero
360 1179 400 1239 ad
418 1179 508 1239 illum
524 1179 653 1239 AEneas?
672 1182 776 1262 primo
796 1184 968 1242 contemnit
984 1181 1090 1241 sordes

71 1266 153 1341 pretii,
170 1281 202 1327 ut
215 1290 246 1328 se
264 1269 431 1350 indignas3
450 1281 480 1328 et
492 1289 604 1328 aurum
617 1266 714 1343 illud,
734 1282 826 1348 atque
843 1283 1007 1350 argentum
1022 1267 1091 1328 vult

72 1356 159 1412 serrari
172 1353 280 1416 liberis
295 1357 382 1437 Magi
395 1381 402 1416 ι
417 1378 474 1416 nec
486 1356 599 1416 locum'
610 1377 674 1417 esse
688 1360 897 1434 commerciis,
917 1379 1013 1439 quum
1024 1357 1090 1436 jam

72 1441 164 1504 luanus
174 1446 536 1506 sustuleritPallantem.
551 1449 596 1506 De
606 1461 693 1528 patre
706 1462 821 1508 etnato
836 1447 922 1531 quod
937 1446 1093 1528 objecerat

72 1528 170 1612 Magus,
191 1535 286 1596 diluit
302 1537 431 1610 AEneas3
451 1558 524 1596 nam
541 1539 584 1596 ita
601 1535 753 1618 placitum
771 1538 930 1613 Anchisae,
954 1540 998 1597 ita
1012 1537 1091 1596 lulo.

71 1618 135 1680 Dixit
145 1629 334 1699 commercia,
353 1627 398 1684 ait
413 1625 475 1684 Jul.
491 1626 567 1686 Scal.
579 1628 649 1707 qaia
661 1629 748 1688 vitam
762 1650 834 1690 auro
842 1674 851 1703 ,
873 1642 959 1710 atque
972 1639 1091 1707 arpento

72 1711 230 1774 morabatur.
1115 1777 1119 1782 .

100 1796 153 1857 535.
167 1803 274 1861 Statim
289 1806 399 1863 AEneas
411 1802 488 1864 laeva
505 1806 607 1864 tenuit
621 1804 757 1884 galeam,
777 1819 807 1864 et
821 1807 925 1865 miseri
940 1803 1089 1863 cervicem

73 1883 181 1962 reflexit,
194 1905 289 1972 atque
303 1912 409 1951 ensem
423 1892 537 1974 capulo
550 1907 638 1952 tenus
650 1893 785 1975 supplici
797 1890 928 1952 abdidit.

101 1973 154 2054 537.
167 1978 225 2037 Dat
236 1994 332 2060 poeta
350 1980 590 2062 explicatissimc
608 1983 732 2055 omnia,
753 2001 822 2060 quae
840 1983 870 2039 in
889 1979 1092 2053 Haemonide,

72 2059 161 2140 atejus
175 2069 306 2128 exitium
322 2083 470 2149 appareat
484 2067 643 2144 acerbius,
663 2082 694 2128 et
706 2074 897 2150 τραγικώτερον.
918 2071 1026 2150 ltaque
1043 2069 1091 2126 in·

72 2152 157 2212 teritus
170 2155 251 2216 illius
265 2159 455 2218 nobilitatur
468 2161 507 2218 ab
521 2159 777 2231 circumstantiis,
799 2180 869 2240 quae
881 2161 914 2218 in
926 2157 986 2217 hoc
1003 2159 1071 2215 viro
1084 2179 1090 2212 :

73 2235 189 2316 inprimis
208 2243 273 2325 ejus
296 2247 526 2323 ministerium,
549 2268 624 2306 nam
643 2245 773 2306 sacerdos
792 2246 894 2304 Pbaebi
916 2259 944 2305 et
964 2249 1090 2304 Dianae:

73 2319 163 2388 deinde
173 2332 312 2414 insigne,
327 2355 402 2393 mam
412 2335 460 2394 illi
468 2333 563 2419 insula
573 2332 727 2392 redimibat
736 2345 877 2411 tempora,
888 2346 916 2390 et
927 2353 1000 2390 cum
1009 2351 1093 2389 saera

72 2413 139 2474 vitta:
152 2441 220 2480 mam
230 2423 376 2484 videlicet
385 2425 470 2483 vittis
481 2426 601 2483 imnexae
612 2420 720 2480 infulae
732 2443 738 2478 z
750 2422 858 2494 tertia,
870 2433 935 2479 erat
945 2419 992 2478 illi
1003 2422 1092 2478 v'estis

73 2501 193 2585 insignis,
212 2527 242 2572 et
258 2535 347 2573 arma
366 2515 517 2595 insignia,
539 2528 571 2574 et
589 2511 660 2572 ideo
679 2509 719 2570 ab
737 2525 870 2591 utraque
888 2531 920 2568 re
938 2507 1092 2570 collucens.

72 2588 144 2654 Hunc
157 2598 247 2678 igitur
261 2603 453 2676 ministerio,
473 2602 588 2682 insigni
605 2613 705 2675 veste,
726 2611 756 2658 et
770 2598 863 2656 armis
882 2595 1091 2656 venerandum

99 2700 147 2753 531.
165 2707 254 2761 Gnatis
266 2729 345 2780 parce
361 2710 418 2763 tuis.
439 2709 549 2760 Talenta
594 2705 1009 2780 quippehaecaelumspectabant
1020 2706 1093 2775 supi·

70 2795 130 2844 Pme
144 2802 189 2853 per
210 2791 407 2854 accusativum,
429 2789 549 2840 Plautino
593 2808 646 2850 nae;
660 2802 689 2839 ut
698 2806 755 2860 quae
763 2787 872 2851 Inferis,
884 2799 980 2838 terram
991 2803 1091 2856 pronae.

72 2854 164 2927 dictam,
179 2869 223 2936 qui
238 2871 275 2919 ait
291 2870 317 2919 in
331 2869 430 2934 Milite,
447 2871 549 2921 «Parce
630 2869 689 2921 538.
702 2867 805 2938 Infula.
824 2869 930 2930 Fascia,
944 2868 971 2916 in
983 2865 1093 2915 modum

72 2953 173 2992 vocem..
194 2948 276 2999 Parce
292 2962 380 3002 autern
397 2961 438 3002 est
454 2967 550 3001 secum·
595 2947 772 3012 diadematis,
786 2966 802 2998 a
819 2965 872 3016 qua
883 2948 954 2997 vittae
971 2947 1004 2996 ab
1022 2957 1092 2996 utra-

72 3017 248 3098 dnmantiquos
262 3049 349 3096 serva,
365 3043 395 3081 ut
410 3030 483 3102 apud
498 3032 549 3082 Lu·
596 3048 647 3100 que
668 3040 745 3100 parte
769 3027 937 3097 dependent:
959 3044 1017 3095 quae
1036 3026 1094 3096 ple·

71 3097 143 3152 cilium
161 3118 185 3156 et
207 3108 324 3160 Ennium
350 3111 492 3162 invenitur.
515 3139 549 3148 —
593 3111 706 3178 rumque
718 3105 835 3170 lataest,
847 3104 1005 3175 plerumque
1019 3105 1095 3154 tortiss

72 3179 215 3236 Commemia.
229 3189 449 3254 Vicissitudines,¹
462 3190 549 3240 facul·
593 3188 640 3253 lis,
657 3188 691 3240 de
706 3187 768 3239 albo
782 3200 809 3238 et
824 3201 914 3236 cocco.
925 3185 951 3236 S.
965 3213 1001 3224 —
1011 3183 1091 3236 Vitta.

71 3268 134 3311 tatem
147 3265 313 3336 ignoscendi,
326 3269 367 3320 vel
382 3271 550 3340 captivorum
594 3268 708 3318 Notetur
719 3283 776 3316 mos
792 3265 963 3333 antiquorum
976 3281 1006 3314 ex
1018 3265 1092 3334 pari-

71 3337 268 3414 redemptionem.
284 3349 309 3399 S.
331 3379 364 3387 -
380 3349 501 3400 Donatus
516 3348 549 3399 de
595 3359 648 3397 tate
661 3365 767 3397 rerum:
788 3363 893 3396 coronae
905 3344 1038 3395 lemniscis
1051 3363 1094 3395 or-

69 3409 212 3478 bnmanitate
228 3440 333 3478 tantum
348 3429 547 3498 interpretatur.
595 3425 741 3487 nubantur,
758 3425 841 3473 mitrae
857 3421 1033 3488 redimiculis,
1052 3425 1092 3474 in-

99 3497 149 3568 534.
173 3506 229 3558 Hoc
249 3509 330 3579 patris
352 3508 471 3560 Anchisa
493 3527 550 3558 ma·
594 3503 844 3573 fulaevittisaneque
852 3521 915 3553 vero
923 3505 1093 3566 otiose;nam

72 3594 116 3642 tes,
127 3594 169 3634 etc.
181 3586 253 3638 ldem
264 3589 361 3639 sentire
374 3600 400 3639 et
411 3601 514 3658 patrem
523 3599 550 3638 et
594 3595 624 3632 nt
645 3582 766 3633 lemnisci
789 3581 940 3633 serviebant
960 3581 1092 3654 illiganda

72 3653 137 3710 fllium
146 3662 220 3731 dicit,
232 3670 309 3736 quasi
318 3667 370 3718 boc
379 3666 549 3718 commodum
595 3679 715 3727 coronae,
734 3673 764 3712 ut
786 3660 943 3713 redimicula
960 3661 1092 3732 illigandae

73 3735 99 3786 nd
108 3739 160 3791 illos
171 3747 311 3814 pertineat.
321 3747 390 3798 Seru.
595 3744 692 3807 mitrae,
705 3743 742 3793 ita
753 3743 824 3793 vittae
835 3741 949 3812 ligandis
961 3742 1061 3797 infulis.

100 3817 150 3870 535.
169 3825 271 3902 Ileflexa
289 3828 389 3878 cervice.
409 3827 445 3877 Ut
464 3825 550 3881 solent
632 3823 691 3888 541.
702 3823 778 3874 Lecta
790 3822 874 3893 refert.
890 3823 998 3892 Proprie
1012 3822 1091 3873 dixit:

72 3899 147 3950 noxii:
167 3903 256 3975 itaque
275 3903 327 3956 lroc
344 3906 377 3958 ad
395 3905 548 3958 ludibrium.
596 3921 655 3953 nam
665 3903 751 3972 spolia
759 3914 950 3972 quaeaptantur
958 3901 1092 3972 trophaeis,

72 3975 138 4030 lietro
150 3988 246 4037 cervice
258 3997 355 4051 tracta,
366 4005 439 4037 more
451 3985 551 4037 bostia-¹
595 3982 646 4055 lapi
655 3982 794 4047 dicuntur,
804 3980 832 4033 id
843 3993 895 4046 est,
906 3981 975 4051 eligi.
984 3981 1090 4044 —Tibi,

73 4073 119 4110 111111
134 4081 187 4133 quae
203 4065 310 4138 Superis
326 4067 548 4127 immolabantur;
578 4071 638 4116 'rex
659 4061 777 4115 Gradive.
797 4065 849 4127 Ut,
868 4084 881 4108 a
890 4060 963 4126 Tibi,
979 4059 1091 4125 Phoebe,
