2742 4596
274 295 338 378 404
632 285 960 356 TESTIMONIA

272 421 467 505 Expugnata
478 410 586 490 melis,
599 408 677 476 odio
688 411 855 500 languoris
867 413 973 504 iniqui
985 440 992 479 :

270 525 421 589 infertur
429 520 539 608 Tyriae
549 532 625 608 post
635 517 772 582 vulnere
784 518 903 586 vulnus
915 522 1047 588 Elisste?

272 628 400 695 Sentiet
411 624 583 714 applicitos
596 622 725 690 turbata
735 620 856 715 Sibylla
867 649 1006 715 vapores

272 735 405 825 Ejuratn
417 732 520 796 mori?
531 753 593 795 nec
605 730 735 819 cingula
745 730 866 798 reddet
876 737 1040 800 Amazon?

272 846 315 910 Di
327 841 464 906 meliora
476 839 567 918 date,
579 861 617 903 ac
630 861 764 904 sensum
775 856 928 906 revocate
940 859 1128 910 nocentem.

271 953 356 1014 Pace
366 947 428 1011 viri
440 945 536 1010 licent
549 945 643 1010 tenti!
657 967 720 1010 nec
731 943 907 1012 commoda
917 947 1039 1038 linguae

270 1058 388 1124 Divitis
400 1056 578 1133 intereant,
591 1077 651 1142 per
662 1076 763 1142 quam
775 1056 922 1122 Romano
929 1056 1086 1148 juventus

270 1167 443 1229 AEternum
455 1160 552 1226 lloret
563 1183 570 1224 ι
583 1179 714 1240 verum,
728 1159 820 1248 quod
826 1160 970 1252 jusserat
981 1161 1052 1244 ifle,

269 1271 318 1338 Sit
329 1269 473 1336 vetuisse
485 1289 707 1333 meum:uom
718 1283 795 1356 post
806 1291 865 1332 sun
876 1285 1028 1358 tempore
1037 1272 1115 1336 vitae
1289 1301 1313 1332 rs

268 1379 345 1462 Nqn
357 1390 461 1440 tacent
473 1399 479 1438 :
493 1375 596 1440 immo
609 1389 770 1438 aeternum
781 1391 957 1462 resonante
969 1378 1130 1458 Gemens,

268 1479 454 1561 Laudetur,
467 1479 611 1570 placeat,
622 1481 725 1562 vivet,
738 1483 918 1571 relegetur,
931 1501 1068 1550 emetur.

735 1661 848 1724 Xlll.

281 1821 443 1907 'Georgius
455 1817 630 1895 Fabricius,
642 1817 685 1881 od
694 1817 866 1884 Marniwm
876 1818 1024 1884 Pisonem
1034 1821 1243 1904 nummulum,
1256 1822 1291 1886 de

489 1925 671 1992 excellentia
681 1939 847 2018 poetarum
860 1926 946 2020 apud
958 1927 1096 1993 Latione.

268 2089 331 2154 Cui
342 2089 464 2150 Vatum
475 2086 597 2174 primas
610 2084 688 2150 dem
698 2104 825 2174 partes,
838 2090 927 2169 Piso,
941 2105 1089 2176 rogetus,

269 2198 360 2282 Quos
372 2193 449 2258 tulit
460 2192 598 2282 Augusti
610 2192 733 2258 floreus
745 2195 923 2259 virtutibus
935 2209 1027 2274 aetss,

265 2306 321 2374 Nil
333 2303 401 2368 dixi
412 2300 545 2380 melius,
558 2299 605 2364 nil
617 2322 707 2364 sacra
718 2297 856 2364 AEneide
869 2301 989 2391 majus,

264 2413 417 2484 Pondere
428 2411 483 2476 vel
493 2433 606 2476 rerum
618 2427 762 2498 spectes,
775 2409 829 2474 vel
840 2407 961 2476 idonee
972 2409 1072 2476 rebus

264 2523 389 2600 Verba,
402 2518 484 2612 quid
496 2520 531 2584 in
542 2520 609 2584 vita
620 2535 710 2586 recte
722 2539 891 2609 praveque
904 2535 1045 2608 genitur.

263 2633 341 2695 Non
352 2630 398 2694 ite
410 2623 625 2716 Pythagoras,
640 2647 708 2690 non
721 2648 815 2690 mens
828 2625 956 2692 excelse
968 2622 1118 2692 Thaletis

264 2735 449 2823 Perspexit‚
463 2755 531 2796 non
544 2731 590 2796 sic
602 2729 717 2796 docuit
728 2730 839 2798 schola
851 2729 949 2798 docta'
960 2731 1121 2810 Plutonis,

264 2841 363 2907 Ponit
374 2854 499 2904 utente
512 2836 625 2902 oculos
637 2838 686 2902 vis
698 2838 936 2928 ingeniumque
949 2853 1068 2926 poetae.

264 2945 354 3033 Quid
365 2946 474 3011 bonus
487 2959 520 3008 et
532 2943 625 3007 fortis
637 2944 807 3031 princeps,
821 2967 921 3034 quam
933 2939 1053 3007 debeat
1066 2965 1139 3009 esse
1249 3002 1256 3008 .

263 3056 346 3142 Spes
360 3052 394 3114 iu
407 3047 575 3137 promissis
587 3047 685 3134 plane
699 3047 884 3114 indubitate
895 3051 1058 3128 Deorum,

264 3158 444 3248 Egregium
457 3155 646 3244 exemplum
659 3171 708 3220 est
719 3158 851 3222 Venere
863 3158 1073 3247 Anchisaque
1085 3177 1228 3226 creatus.

265 3261 355 3346 Quid
367 3263 437 3328 sine
449 3260 593 3330 consiliis
605 3276 697 3340 aetas,
709 3283 817 3340 arnor,
830 3261 892 3341 ira,
906 3262 1083 3349 furorque,

265 3369 406 3436 Audacis
418 3367 594 3458 timidique
605 3367 724 3458 probat
735 3368 921 3433 miserabile
933 3370 1039 3434 letum

264 3473 419 3541 Ductoris
431 3473 554 3538 Rutuli.
568 3473 666 3540 Dirus
678 3475 864 3540 Mezentius
875 3473 931 3541 hio
943 3491 1008 3554 est,

264 3585 373 3664 Quem
385 3578 458 3643 telis
471 3579 623 3669 odiisque
635 3582 766 3648 Etruria
778 3597 846 3646 tota
857 3580 1007 3669 petebat,

264 3687 382 3749 Donec
391 3684 466 3748 fuso
479 3683 592 3749 oculos
604 3683 740 3751 hostiles
753 3685 912 3773 sanguine
925 3687 1024 3776 perit.

297 3839 354 3890 ΧΠ.
373 3839 397 3892 5.
412 3839 451 3892 De
465 3840 609 3913 Hippolyte
628 3841 695 3894 nihil
709 3843 767 3894 Vir·
810 3841 946 3915 64⁸‚quae
959 3858 1028 3914 equo
1040 3842 1140 3896 relicto
1152 3843 1238 3918 pedes
1249 3861 1312 3916 pug·
1353 3863 1354 3885 t

263 3918 341 3991 gilius
363 3917 458 3987 hebet,
479 3919 553 3991 qnod
575 3919 628 3971 huc
653 3921 763 3976 referas.
809 3934 891 3975 nstv.
904 3937 969 3994 710,
988 3934 1018 3974 ut
1028 3921 1142 3996 elinguia
1156 3925 1251 3978 inseite
1264 3937 1310 3996 μῦ

262 4003 341 4051 Forte
354 3995 467 4050 Camillo
480 3998 634 4069 designetur
644 4002 703 4054 AEn.
713 4002 764 4068 XI,
809 4002 891 4056 frenis
902 4003 976 4060 diets
988 4004 1050 4054 sint.
1063 4015 1067 4021 ’
