2704 4582
214 292 334 360 ne.
404 377 407 384 .
568 311 946 386 conuaumam
1014 272 1017 278 ¹

241 419 407 494 excidium3
423 429 605 512 et-incipita
625 449 822 518 tempestate,
838 464 900 525 qua
918 445 1073 525 afflictati,
1085 471 1183 532 quum
1195 452 1290 512 redi-

238 517 309 566 rent
318 529 335 567 a
344 510 443 590 bello,
454 517 492 576 ad
505 521 635 582 insulam
648 525 814 604 Euboeam,
823 532 877 592 ubi
888 549 932 593 est
941 536 1119 618 Caphereus
1128 563 1288 622 promon-

238 597 364 660 torium.
380 606 457 667 Mire
469 609 600 685 dictum,
614 618 710 677 sciunt
720 633 831 694 coutes‚·
846 625 1076 707 seitCophereus.
1095 621 1096 629 ἵ

277 688 343 748 261.
361 692 406 752 Ab
419 705 576 761 communi
591 703 678 765 clade
691 710 791 790 pergit
803 711 842 770 ad
858 714 1042 795 singularem
1057 721 1163 801 aitque
1175 719 1288 780 divul-

238 790 307 833 sum
319 777 428 858 fuisse,
446 799 475 844 et
490 787 656 852 laceratum
674 800 858 874 exercitum3
873 823 936 882 quo
949 823 1139 869 nocumento
1152 808 1285 869 nullum
1349 883 1350 888 ἵ

237 862 358 944 majus:
385 878 498 936 etenim
519 891 593 939 tunc
614 883 749 964 gloriosa
772 902 818 948 est
838 893 987 971 victoria,
1009 919 1127 976 quum,
1149 899 1284 958 devictis

235 943 391 1032 hostibus,
406 966 555 1025 exercitus
570 970 688 1051 integer
700 973 781 1032 redit
795 979 828 1034 in
842 983 970 1060 propria
985 981 1190 1045 laetabundus.
1203 987 1283 1046 Non

236 1039 279 1111 sic
299 1044 414 1109 Graecis
434 1057 585 1135 contigit:
610 1081 716 1121 omnes
736 1066 836 1134 enim,
857 1069 935 1128 alius
955 1070 1035 1146 alio,
1057 1077 1074 1133 a
1093 1097 1123 1134 se
1140 1073 1284 1133 divulsi:

234 1124 344 1210 incipit
362 1137 380 1192 a
397 1139 556 1220 Menelao,
575 1148 630 1228 qui
651 1149 721 1209 exul
741 1149 879 1234 dilapsus
899 1157 1122 1241 advAEgyptum
1141 1175 1201 1237 est,
1220 1162 1285 1220 ubi

231 1214 334 1280 fuerat
348 1246 400 1285 rex
415 1230 558 1308 Proteus,
573 1249 604 1294 et
618 1235 673 1296 ubi
688 1239 780 1318 hujus
795 1245 965 1306 columnae:
981 1265 1010 1308 et
1023 1250 1062 1308 ab
1077 1250 1202 1331 Ulysse,
1218 1254 1285 1333 qui

166 1301 169 1306 ’
231 1303 269 1360 ad
294 1307 430 1374 Siciliam
454 1335 600 1398 avectus,
623 1322 679 1384 ubi
703 1329 923 1392 immanissimi
948 1336 1097 1418 Cyclopes
1122 1339 1283 1420 inAEtna

230 1407 346 1456 monte.

206 1491 209 1497 '
267 1480 335 1556 264.
349 1487 485 1552 Breviter
497 1515 708 1560 commemoro
720 1515 781 1563 tres
797 1503 965 1584 historias,
980 1531 1057 1590 quas
1072 1509 1122 1571 bic
1136 1514 1280 1592 attingit.

232 1585 256 1622 1.
274 1569 412 1650 Pyrrhus
430 1579 557 1658 Achillis
572 1585 673 1663 lilius,
690 1590 752 1650 alio
772 1599 899 1655 nomine
915 1599 1156 1680 Neoptolemus,
1171 1601 1283 1661 voluit

225 1653 338 1719 ducere
350 1665 552 1732 Hermionem
564 1677 781 1758 desponsatam
795 1685 911 1759 Oresti,
928 1686 1001 1745 inde
1017 1689 1055 1746 ab
1074 1687 1133 1748 hoc
1151 1689 1203 1748 ille
1221 1693 1278 1749 in·

224 1742 368 1808 terfectus
383 1755 422 1812 ad
437 1778 505 1818 aras
520 1762 683 1842 Apollinis.
696 1767 774 1828 Vide
789 1771 850 1846 rol.
866 1774 926 1847 Ill,
942 1789 1051 1850 notas,
1065 1797 1136 1857 pag.
1153 1777 1221 1858 327,
1240 1793 1277 1839 et

224 1828 395 1897 Excursum
407 1844 478 1919 XII,
491 1869 560 1929 pag.
572 1851 640 1932 467.
658 1865 684 1914 2'.
698 1855 899 1936 Idomeneus,
912 1865 967 1943 qui
982 1864 1021 1922 ad
1035 1865 1158 1924 Cretam
1172 1887 1276 1948 appu-

222 1913 315 1994 lerat,
326 1927 472 2006 expulsus
485 1935 557 1996 inde
567 1955 614 1998 est
624 1941 664 2000 ob
675 1943 899 2008 crudelitatem.
914 1951 941 2010 3.
953 1953 1043 2011 Locri
1055 1955 1131 2012 socii
1141 1954 1276 2016 fuerunt

223 2001 338 2084 Ajaeis3
354 2027 385 2072 et
399 2037 471 2097 pars
485 2021 612 2085 illorum
627 2049 645 2086 a
660 2025 743 2090 bello
756 2033 892 2114 Trojano
908 2036 1011 2098 delata
1025 2054 1068 2100 est
1083 2044 1213 2101 extorris
1229 2044 1273 2102 ad

222 2092 421 2177 Pentapolim
446 2107 567 2171 Africae.
593 2115 640 2174 De
664 2115 713 2176 his
736 2118 860 2182 duabus
884 2121 1044 2203 historiis,
1068 2128 1139 2189 vide
1160 2143 1273 2206 notas,

223 2180 285 2239 vol.
299 2182 355 2261 lll,
371 2210 442 2272 pag.
458 2194 512 2276 371
529 2196 638 2274 etlpoa.

260 2272 327 2332 266.
344 2277 450 2360 Neque
461 2305 535 2346 vero
551 2289 782 2372 Agamemnon,
793 2300 874 2358 tanti
888 2304 1039 2362 exercitus
1053 2303 1130 2380 dur,
1147 2307 1271 2366 incolu-

220 2359 278 2418 mis
295 2359 357 2424 fuit
372 2389 390 2426 a
404 2369 509 2450 clade3
522 2379 620 2440 immo
633 2383 701 2463 ipse
713 2388 946 2450 acerbissimam
961 2408 1118 2475 expertus:
1132 2399 1271 2478 quippe,

220 2467 319 2527 quum
332 2452 365 2514 in
378 2465 514 2540 patriam
525 2467 630 2546 latus,
645 2474 790 2536 conlecto
805 2475 905 2554 hello,
920 2481 1047 2557 rediret,
1065 2485 1097 2542 in
1117 2487 1186 2566 ipso
1205 2501 1269 2546 sta-

217 2537 275 2598 tim
286 2543 389 2624 Regiae
400 2548 510 2615 limine
520 2559 640 2620 occisus
651 2567 722 2622 esta
735 2567 972 2647 Clytemnestra,
986 2587 1017 2631 et
1028 2574 1183 2656 Egystho,
1194 2579 1268 2658 qui,

218 2630 367 2702 quamdiu
385 2636 638 2717 Agamemnona
661 2649 744 2711 bello
765 2654 926 2732 abfuerat,
946 2662 1045 2740 stupri
1067 2675 1097 2720 et
1117 2661 1266 2724 adulterii

216 2724 443 2784 consuetudine
454 2731 604 2794 vixerant.
617 2737 725 2820 ltaque
739 2743 807 2802 viro
824 2746 977 2827 principi,
990 2749 1160 2827 quiAsiam
1177 2751 1265 2812 devi-

216 2815 314 2880 cerat,
328 2829 393 2870 non
406 2812 505 2878 defuit
521 2820 608 2884 domi
623 2828 755 2906 adulter,
769 2835 823 2913 qui
841 2849 917 2894 esset
933 2849 962 2896 et
979 2835 1045 2916 ejus
1061 2839 1131 2898 lecti
1149 2855 1179 2900 et
1190 2843 1265 2904 vitae

215 2889 386 2977 subsessor,
394 2904 427 2962 id
438 2921 497 2983 est,
508 2914 562 2992 qui
573 2911 638 2995 ejus
648 2917 762 2979 lectum
772 2922 918 3000 violaret,
931 2940 961 2985 et
972 2926 1037 3006 ejus
1049 2929 1120 2990 vitae
1130 2931 1263 2993 insidias

214 2976 293 3040 clem
305 3005 447 3066 poneret.
458 2997 638 3063 Macrobius
649 3008 795 3089 expendit
806 3009 888 3072 libro
900 3009 1027 3095 quaRo,
1038 3018 1139 3108 capite
1149 3035 1262 3100 quarto

213 3063 272 3128 hos
288 3093 409 3156 versus,
425 3097 456 3144 et
468 3090 554 3148 varia
567 3093 602 3151 in
614 3093 675 3156 illis
687 3103 754 3162 πάθη
766 3121 772 3156 :
793 3121 810 3159 a
827 3105 943 3182 patria,
956 3107 1142 3186 Mycenaeus:
1160 3129 1177 3166 a
1194 3109 1264 3170 for-

215 3168 306 3238 tuna,
326 3187 500 3251 maqnorum
518 3178 620 3240 doctor
635 3184 800 3248 Achiuom:
825 3212 844 3251 a
866 3195 1106 3268 necessitudine,
1127 3193 1262 3279 conjuqt's

211 3247 357 3326 infandae:
382 3279 399 3315 a
422 3258 509 3340 loco,
528 3269 624 3346 prima
646 3273 722 3332 intra
745 3273 867 3338 limina:
887 3282 959 3338 miri
979 3302 1086 3340 omnes
1106 3281 1258 3345 affectus:

211 3329 331 3413 ltaque,
356 3362 457 3424 neque
481 3355 601 3431 patria,
626 3378 729 3440 neque
753 3362 898 3442 fortuna,
922 3387 1022 3448 neque
1044 3370 1258 3446 necessitudo,

210 3439 312 3503 neque
326 3425 413 3491 locus
429 3449 532 3525 tutum
546 3444 759 3512 reddiderunt.

243 3583 302 3634 262.
319 3589 466 3650 Columnas.
475 3600 516 3652 Ad
526 3603 591 3660 fines
601 3610 707 3684 AEgypti
752 3613 890 3676 dicuntur;
904 3613 1043 3684 firmatque
1052 3614 1165 3669 historia
1177 3619 1253 3672 Pelo·

207 3665 359 3729 pervenisse
375 3672 512 3748 intelligit,
531 3685 578 3736 ubi
595 3706 640 3739 rex
655 3692 706 3742 fuit
749 3695 929 3762 ponnensium
946 3706 973 3745 et
990 3695 1098 3760 ionum,
1119 3715 1142 3748 a·
1154 3699 1251 3768 quibus

206 3737 322 3794 Proteus.
342 3749 394 3800 llas
409 3753 546 3811 columnas
563 3765 703 3820 Turnebus
748 3774 965 3826 incontroversia
972 3775 1097 3828 columna
1105 3792 1193 3830 erecta
1201 3795 1250 3848 est,

207 3820 316 3891 accipit,
330 3844 386 3897 quse
396 3831 424 3882 in
435 3836 555 3894 confiniis
565 3847 706 3916 regionum
751 3871 807 3922 quae
818 3853 890 3905 litem
903 3854 1073 3908 discerneret.
1084 3856 1152 3909 Vide
1162 3857 1248 3913 Strab.

108 3887 112 3895 ’
204 3895 386 3974 erigebantur,
401 3923 431 3961 ut
443 3924 526 3968 terras
537 3919 703 3994 dirimerent,
749 3930 795 3982 lib.
813 3934 856 3984 Ill.
875 3935 939 4002 Quae
954 3935 1002 3994 hic¹
1015 3937 1118 3988 Servius
1134 3937 1167 3990 de
1184 3942 1248 3994 Her·

204 3991 313 4058 ‘luae‘lue
332 3986 366 4039 ab
385 3989 493 4046 P⁰ll¹¹⁰⁰
514 3998 597 4062 'alm
617 4003 703 4074 t’so'pter
749 4011 820 4078 cule,
832 4031 888 4066 non
903 4015 968 4070 mihi
982 4017 1098 4090 placent.
1114 4018 1200 4084 Cerdo.
