2742 4596
522 247 730 313 nluuns
942 338 944 344 Ι
1083 253 1142 319 aa

102 435 106 444 .
139 363 267 438 -Judicio
279 374 396 450 affinis,
407 375 485 433 mira
494 375 698 447 Pnornrnras,
711 392 773 454 qna
786 393 858 432 usus
869 373 900 431 in
913 373 1069 436 omnibus.
1083 379 1146 438 Ob-

99 478 267 524 servarunt
282 463 365 524 hanc
379 463 526 520 virtutem
542 459 690 520 luculenti
704 471 806 518 testes.
820 459 958 520 Macrob.
973 463 1033 538 111,
1047 465 1147 525 Satur.

104 547 305 614 “Verborum
318 553 491 635 proprietas
505 566 569 610 tam
582 561 680 631 poetae
693 547 765 608 huic
778 548 940 610 familiaris
954 564 1015 625 est,
1031 565 1064 612 ut
1077 553 1148 614 talis
1166 563 1170 568 '

102 640 283 701 observatio
306 643 339 702 in
351 639 484 720 Virgilio
504 659 568 698 esse
586 635 651 717 jam
671 635 797 696 desinat.
810 660 825 692 ιι
845 637 975 713 Quintil.
996 639 1050 699 lib.
1071 643 1149 702 110-

102 749 202 809 quens
216 730 254 790 de
268 750 301 790 re
315 730 463 810 quapiam
481 727 591 802 dubia,
613 744 682 808 quae
698 727 830 806 pertinet
848 725 886 784 ad
904 725 1038 788 formam
1059 729 1149 790 latini

102 821 271 894 sermonis,
290 820 334 878 ita
353 821 419 878 ait:
443 844 456 874 ιι
467 818 609 894 Quorum
629 828 774 876 nentrum
795 815 921 895 quidem
936 817 1147 899 reprehendo,

102 923 203 983 quum
213 907 252 966 sit
260 904 576 986 utriusqueVirgilius
585 913 720 962 auctor.»
735 901 882 982 Scaliger:
896 927 909 957 ιι
920 903 1028 964 Elucet
1040 907 1073 966 in
1085 929 1149 968 ver-

100 989 154 1052 bis
167 991 233 1073 ejus
246 997 364 1077 puritas
379 1010 466 1055 vetus
480 997 630 1054 Romana.
641 1017 655 1049 ιι
668 992 714 1050 Eo
728 988 856 1051 fortasse
870 1007 1044 1073 respectum
1060 1000 1148 1058 aPo-

102 1081 233 1148 litiano:
247 1108 261 1138 ιι
271 1085 340 1166 Ipsa
355 1105 395 1145 en
408 1074 508 1145 Roma
519 1098 574 1143 tuo
588 1103 655 1144 sese
668 1102 793 1163 quoquc
803 1081 900 1162 jactat
915 1082 1052 1144 alumno.
1062 1111 1076 1142 ιι
1089 1091 1149 1149 Lo-

104 1173 214 1252 quitur
232 1175 342 1234 Manto
357 1196 429 1252 cum
442 1174 581 1234 Mantua.
597 1171 642 1233 Ad
661 1173 883 1254 proprietatem
903 1171 1004 1233 refero
1026 1173 1151 1238 laudem

103 1261 194 1320 illam
212 1283 377 1348 nunquam
396 1265 469 1324 satis
490 1263 651 1325 laudatam
670 1261 708 1322 de
727 1261 926 1323 distinctione
945 1263 1097 1344 stylorum
1117 1270 1151 1330 in

104 1351 273 1429 Bucolicis,
288 1355 462 1435 Georgicis,
479 1353 615 1414 AEneide.
631 1352 792 1430 Quantum
811 1345 855 1412 'est
868 1353 970 1430 (Deus
989 1355 1151 1418 immorta-

105 1437 181 1517 list)
195 1439 351 1502 observari
366 1464 382 1502 a
395 1441 503 1503 divino
519 1444 586 1502 viro
599 1442 752 1523 potuisse,
767 1454 802 1500 ut
816 1439 930 1500 horum
944 1462 1073 1523 operum
1091 1457 1153 1529 sty-

105 1521 155 1584 lus
170 1541 319 1608 perpetuo
335 1528 471 1610 quodam
487 1541 594 1590 tenore
609 1526 778 1587 distinctus
793 1525 886 1586 esset?
898 1525 1005 1607 ltaque
1019 1529 1052 1588 in
1065 1543 1154 1592 tanta

105 1633 252 1674 versuum
267 1615 471 1680 multitudine
486 1633 650 1698 nunqnam
668 1637 700 1676 se
720 1617 821 1676 tenuis
839 1615 935 1698 stylus
954 1637 1024 1676 cum
1038 1620 1155 1680 medio.

105 1704 169 1776 cri,
188 1725 352 1787 nunquam
364 1705 416 1768 hic
433 1729 504 1767 cum
519 1705 648 1768 sublimi
666 1706 877 1766 commiscuit:
895 1717 925 1764 et
938 1719 1042 1766 tamen
1053 1707 1155 1768 nihil-

107 1791 236 1852 ominus
253 1807 371 1855 servata
388 1809 432 1856 est
445 1799 524 1856 mira
539 1797 686 1870 varicum,
701 1809 731 1854 et
746 1792 934 1874 jncunditas.
952 1796 1019 1854 Hoc
1034 1797 1155 1876 quoties

108 1881 231 1961 cogito,
248 1882 442 1966 obstupesco.
462 1887 559 1958 Hanc,
571 1905 638 1943 rem
658 1884 731 1943 satis
745 1881 899 1942 celebrant
917 1882 1100 1964 interpretes
1115 1884 1156 1944 ad

106 1989 241 2053 prooem.
256 1973 395 2034 AEneid.:
416 2001 429 2032 ιι
442 1975 498 2035 Ille
515 1995 590 2057 ego,
607 1976 662 2056 qui
677 1973 837 2054 quondam
852 1985 910 2033 etc.
920 1997 934 2028 ιι
951 1974 1018 2033 Hoc
1036 1975 1079 2032 ita
1100 1973 1157 2034 ad-

108 2058 242 2118 miratur
249 2057 468 2144 'Christophon
477 2063 576 2122 land.
587 2063 620 2120 in
630 2060 752 2120 Praefat.
765 2085 778 2116 ιι
790 2057 1047 2136 Quid‚‚obsecro,
1058 2063 1155 2122 autin

108 2149 257 2209 maximis
272 2152 363 2212 rebus
377 2151 626 2227 sublimius,aut
638 2153 672 2209 in
687 2149 897 2211 mediocribus
916 2153 1157 2229 temperantius,
1226 2156 1228 2160 ’
1325 2218 1328 2227 ,

109 2239 215 2296 autin
233 2237 407 2302 humilibus
428 2244 565 2324 pressius
585 2240 754 2320 excogitari
771 2236 834 2296 hoc
850 2249 942 2318 poeta
958 2238 1103 2318 potestis
1119 2243 1159 2300 Et

111 2325 270 2402 Vivesius3
283 2351 296 2382 ι
307 2327 395 2390 Idem
404 2328 510 2405 laetus,
521 2341 551 2387 et
561 2325 738 2408 depressus:
749 2323 908 2403 jucundus
921 2335 951 2382 et
961 2325 1061 2403 gravis
1072 2348 1079 2383 ι
1091 2339 1159 2385 tum

110 2412 218 2490 copia,
231 2427 300 2474 turn
314 2415 465 2478 brevitate
479 2413 642 2475 mirabilis.
654 2438 667 2468 ιι
682 2411 766 2488 Quid
783 2413 876 2470 etiam
893 2409 995 2469 dicam
1010 2409 1048 2470 de
1061 2412 1159 2472 tribus

111 2495 182 2557 aliis
195 2500 354 2561 scribendi
365 2499 838 2579 characteribus,Exegematico,
850 2499 1040 2574 Dramatico,
1050 2497 1160 2559 Misto?

111 2587 159 2646 De
171 2585 355 2652 hisservius
369 2591 512 2675 loquitur
524 2590 564 2650 ad
575 2589 618 2648 ΙΙΙ
632 2587 799 2668 Eclogam,
811 2583 882 2646 Vol.
894 2589 931 2663 V,
947 2607 1017 2668 pag.
1031 2589 1099 2649 255.

153 2719 239 2778 Inter
250 2723 380 2784 virtutes
388 2724 569 2805 Virgilianae
583 2740 712 2805 poeseos
727 2741 793 2780 non
806 2720 973 2778 minimum
984 2719 1092 2777 locum
1104 2717 1159 2777 ob·

113 2806 195 2865 tinet
208 2807 393 2872 Susnrnrras
408 2815 486 2888 oris,
501 2813 628 2893 spiritus
642 2808 798 2869 carminis.
812 2809 859 2866 De
871 2828 906 2866 ea
918 2805 969 2864 hic
984 2805 1162 2886 loquam'ur.

114 2892 293 2956 Politianus
312 2912 401 2960 vocat
412 2901 590 2974 Maronem,
605 2895 715 2981 prande
731 2908 892 2956 sonantem.
908 2893 1091 2952 Juvensar.
1105 2892 1146 2950 XI
1156 2913 1173 2962 a¹

115 2984 254 3044 Maronis
266 2983 394 3048 altisoni.
407 2991 449 3048 Ut
462 3002 493 3048 et
506 2989 663 3048 Ausonius
675 2986 708 3045 in
720 2983 810 3068 Edyl.
825 2980 1049 3060 Altisonumque
1061 2981 1166 3040 iterum

108 3072 164 3156 fos
175 3086 216 3134 est
225 3072 355 3136 didicisse
363 3079 532 3136 Maronem.
541 3079 558 3136 J
561 3079 692 3136 ovianus
705 3073 784 3134 dicit
794 3071 860 3154 ejus
870 3091 993 3130 versum
1005 3093 1019 3122 ιι
1030 3089 1167 3149 gravem,

116 3183 336 3241 numerosum,
347 3185 543 3246 generosum,
554 3165 768 3246 spectabilem,
778 3159 1005 3233 admirabilem,
1019 3157 1167 3217 honestis·

117 3252 246 3313 simum.
258 3279 272 3310 ι
283 3257 417 3326 Iterum:
434 3281 447 3312 ιι
458 3257 537 3316 Cum
553 3257 685 3314 summis
698 3252 861 3313 blanditiis
875 3269 1038 3330 nunquam
1051 3248 1167 3309 recedit
1215 3287 1217 3292 ·

117 3360 137 3399 a
153 3343 305 3421 gravitate
316 3366 323 3403 :
336 3347 469 3426 assurgit
478 3343 618 3405 mirifice.
630 3371 643 3401 ιι
659 3345 762 3418 idern,
778 3367 791 3396 ιι
802 3339 976 3419 Virgilianae
993 3340 1166 3398 numerosi·
1250 3365 1251 3370 ¹

118 3443 176 3489 tas.
187 3455 201 3486 ιι
213 3431 368 3507 Vivesius3
377 3432 432 3494 lib.
441 3434 484 3494 111
494 3431 624 3514 Discipl.
637 3457 650 3488 ιι
661 3432 763 3490 AEneis
771 3426 895 3509 Virgilii
905 3424 1023 3508 grande
1033 3447 1128 3507 opus,
1138 3437 1169 3486 et

118 3517 252 3599 plenum
262 3523 423 3600 gravitatis
435 3543 470 3582 ac
482 3524 590 3582 rerum'
598 3521 765 3580 bonarum.
776 3543 789 3574 ιι
802 3518 987 3602 Hieronym.
998 3529 1166 3576 comment.

120 3610 156 3668 in
171 3607 336 3670 Michaeam
352 3633 377 3671 c.
395 3632 423 3693 7,
445 3637 459 3667 ιι
471 3614 568 3673 Poeta
582 3607 761 3670 sublimis.»
783 3608 864 3668 Serv.
880 3609 914 3666 in
926 3608 939 3666 1
953 3606 1016 3666 Ecl.
1035 3602 1072 3664 de
1087 3605 1167 3686 stylo

121 3697 246 3778 Virgilii
252 3697 577 3781 „agrandiloquumm
590 3697 699 3776 Scalig.
711 3694 750 3756 de
760 3694 818 3756 hac
828 3715 875 3770 re,
886 3709 920 3754 ut
929 3713 1030 3774 neque
1040 3693 1080 3752 de
1090 3693 1168 3769 aliis,

121 3806 233 3868 parce:
252 3809 266 3840 ιι
276 3787 331 3845 Est
348 3786 547 3867 magnificus,
569 3805 769 3860 numerosus,
792 3797 955 3864 augustus,
974 3777 1169 3855 luculentus,

121 3871 367 3955 grandiloquus,
378 3873 561 3950 vehemens,
577 3893 671 3956 supra
683 3871 857 3932 humanum
873 3883 1014 3951 captum3
1033 3864 1169 3947 amplifi-

119 3975 257 4023 cetrum
270 3961 445 4043 majestate,
458 3966 557 4026 utitur
568 3962 679 4046 grandi
691 3961 847 4034 oratione,
862 3957 957 4020 habet
973 3955 1071 4018 multa
1084 3974 1169 4032 mag·
