2704 4582
7 3151 9 3210 l

7 3249 10 3284 t

7 3299 9 3354 l

7 3373 9 3492 l

268 385 270 391 Ι
316 305 371 367 IN
394 302 832 370 AENEIDOSLIB.X1.
1032 316 1091 402 ¹73
1150 393 1154 400 ,

48 422 169 500 oculos,
181 438 217 486 ut
231 437 353 486 attente
364 427 539 488 consideret
551 429 714 488 militarem
727 431 888 504 virtutem3
904 446 994 494 vocat
1006 436 1094 500 illam

49 512 147 573 nattae
161 515 246 577 decus
253 542 264 590 ,·
282 518 382 578 nescit
399 519 452 598 qui
473 519 569 600 possit
586 521 698 598 gratias
718 533 770 579 aut
789 519 894 595 dicere,
909 536 962 581 aut
978 527 1096 608 rep‘erre:

50 605 185 681 partitur
194 605 342 690 laborem
354 629 425 666 cum
436 609 504 684 illa,
517 610 566 668 cui
578 610 699 668 animus
710 631 801 690 supra
811 631 935 670 omnem
945 612 1097 678 laborem.

91 692 123 750 51
134 697 160 752 i.
177 697 286 776 Aperit
296 697 462 755 consilium
472 719 562 756 suum
574 700 711 771 Turn'us3
723 710 751 755 et
766 713 883 778 partem
896 702 1034 764 Camillae
1044 695 1098 766 an-

52 781 136 856 nuit,
153 795 275 862 partem
293 782 421 844 abnuit:
439 787 564 858 annuit,
583 799 617 844 ut
633 789 698 865 ipsa
713 799 829 866 pugnet
844 802 951 846 eontra
966 791 1099 872 Tyrrhe-

53 889 122 944 nos,
139 884 170 930 et
185 885 285 932 tentet
297 873 371 933 belli
385 876 485 955 prima
499 875 649 956 pericula:
664 875 773 932 abnuit
785 889 818 935 ut
829 874 905 950 sola,
919 899 990 938 nam
1005 895 1099 942 tecum

54 959 106 1016 erit
119 961 291 1042 Messapus,
309 965 421 1023 Latine
439 977 554 1037 turmae,
572 985 675 1022 marrus
695 962 835 1042 Tyburti,
846 985 979 1044 quorum
993 982 1099 1030 tamen

53 1047 116 1123 ipsa
132 1050 281 1108 omniurn
295 1053 333 1108 sit
345 1050 423 1110 dux:
436 1065 465 1110 et
481 1065 572 1112 tecum
584 1053 638 1110 erit
649 1051 725 1108 dicit
738 1071 852 1130 magno
866 1050 998 1127 honore,
1010 1060 1099 1134 quasi-

56 1154 118 1194 non
138 1149 174 1196 tu
195 1137 243 1196 illi
263 1137 405 1214 subdita,
425 1141 475 1201 sed
497 1140 548 1200 ille
567 1140 640 1199 tibi:
661 1138 772 1198 abnuit
793 1142 904 1211 etiam,
924 1154 957 1198 ut
976 1145 1041 1222 ipse
1061 1146 1101 1206 ad

56 1237 159 1299 portas
182 1227 348 1301 subsistat3
373 1251 445 1288 nam
467 1233 564 1289 iturus
590 1229 628 1288 ad
655 1228 869 1308 excipiendum
895 1249 951 1308 per
976 1231 1102 1295 insidias

58 1311 202 1389 AEneam,
218 1318 271 1394 qui
287 1320 444 1396 praemisso
461 1320 518 1377 levi
534 1321 650 1398 equite,
664 1339 718 1398 per
732 1329 872 1376 montem
888 1319 992 1376 avium
1008 1341 1103 1400 quam

59 1401 217 1462 celerrime
235 1404 273 1462 ad
293 1404 403 1466 urbem
424 1407 626 1466 adventabat:
645 1429 678 1465 ac
697 1407 828 1487 proinde
848 1407 1023 1468 obsessurus
1039 1425 1104 1472 erat

58 1488 181 1548 Turnus
198 1505 319 1551 armato
335 1495 431 1552 milite
447 1515 619 1554 convexum
640 1494 733 1576 sylvae
747 1495 918 1568 tramitem,
937 1508 966 1554 et
984 1497 1103 1576 fauces,

59 1576 89 1632 in
103 1575 223 1657 quibus
237 1580 286 1636 via
303 1580 431 1662 duplex,
447 1603 487 1640 ne
502 1603 555 1662 per
570 1581 705 1661 aliqum
723 1601 828 1640 earum
844 1579 938 1641 hostis
952 1585 1103 1648 evaderet.

95 1667 165 1726 520.
186 1669 243 1726 His
260 1668 350 1728 dietis
364 1671 557 1752 Messapum,
573 1684 601 1729 et
622 1670 755 1750 reliquos
775 1670 928 1746 hortatur,
942 1676 995 1754 qui
1014 1675 1106 1736 relin-

61 1757 237 1835 quebantur
256 1779 326 1818 cum
348 1758 496 1821 Camilla:
517 1763 581 1842 ipse
602 1761 763 1820 contendit
781 1760 818 1820 ad
839 1762 962 1837 locum,
980 1765 1033 1822 obi
1053 1787 1106 1847 pa-

60 1843 164 1904 randae
189 1845 310 1906 insidiae
333 1863 442 1908 contra
466 1851 592 1908 AEnean.
618 1848 789 1907 Consilium
814 1847 879 1908 hoc.
897 1854 1106 1932 excogitatum

61 1931 192 2010 Virgilio
209 1930 456 2013 praeclarissime,
471 1948 506 1994 ut
524 1935 664 1995 videlicet
681 1932 783 1996 absint
800 1957 817 1994 a
836 1935 919 1996 hello
936 1940 1061 2016 AEneas,
1077 1955 1107 2000 et

60 2021 199 2093 Turnus,
216 2045 279 2104 quo
295 2027 327 2082 in
343 2023 427 2084 bello
441 2025 573 2085 Camilla
587 2025 706 2084 editura
722 2039 796 2084 esset
811 2047 856 2084 res
871 2047 1013 2107 magnas:
1030 2043 1110 2090 essct

62 2112 142 2168 enim
156 2127 265 2172 contra
279 2113 425 2174 decoru'r‘n
439 2116 513 2174 talia
528 2115 578 2174 edi
592 2138 609 2175 a
623 2115 756 2190 femina,
769 2118 974 2196 praesentibus
986 2123 1107 2200 magnis

62 2195 206 2272 ducibus3
218 2199 402 2282 videturque
417 2203 495 2262 mihi
513 2217 604 2284 poeta
616 2203 749 2262 voluisse
762 2201 929 2262 Calabrum
942 2208 1108 2287 corrigere,

63 2288 113 2364 qui
127 2284 187 2346 hoe
202 2308 268 2347 non
281 2269 440 2349 viderit}
453 2289 654 2350 Penthesilea.

100 2376 166 2434 522.
183 2378 361 2460 Descriptio
375 2380 436 2440 loci
453 2381 541 2439 mira.
559 2383 627 2453 Est,
645 2379 764 2457 inquit,
778 2376 867 2438 valles
873 2379 979 2462 fraudi
991 2401 1107 2440 accom-

64 2461 161 2538 moda,
184 2480 214 2526 et
231 2465 304 2526 dolis
321 2490 480 2530 annonam.
501 2468 583 2528 Cur?
599 2469 672 2548 quia
690 2487 725 2525 ea
750 2465 843 2526 valles
866 2469 1037 2551 intergupta
1064 2481 1109 2528 est

65 2553 269 2626 anfractibus,
282 2553 393 2636 hisque
407 2559 523 2630 curvis,
538 2557 570 2614 id
587 2569 645 2630 est,
664 2555 809 2629 sinuosis,
827 2575 860 2614 ac
876 2566 941 2614 tota
955 2555 1046 2635 plena
1062 2576 1109 2614 re-

66 2642 210 2701 cessibus:
232 2641 360 2720 deinde,
379 2646 452 2724 quia
471 2643 552 2704 hanc
571 2644 685 2703 vallem
706 2641 745 2703 ab
765 2657 897 2726 utroque
918 2644 1012 2703 latere
1031 2658 1113 2726 urp'et

66 2748 164 2788 nemus
172 2742 272 2789 atrum
281 2729 421 2792 densitate
423 2731 577 2814 frondium
587 2757 595 2790 :
605 2733 713 2807 tertio,
725 2732 797 2813 quia
810 2735 961 2812 ingressus
972 2732 1011 2792 ad
1023 2733 1109 2791 illam

99 2905 157 2958 516.
166 2907 357 2978 Biviasfauces.
367 2911 462 2962 Fauces
472 2909 567 2961 dicun·
610 2911 655 2975 Vl,
666 2909 728 2971 2653
741 2932 752 2955 α
762 2908 845 2960 Vallis
856 2909 883 2958 in
892 2907 1014 2976 amplexu
1022 2926 1112 2958 nemo·

66 2995 105 3033 tur
114 2985 211 3037 itinera
222 2988 291 3036 inter
301 2986 369 3038 duos
379 3001 496 3048 montes,
507 2987 567 3040 loca
612 3007 671 3038 rum
683 2988 757 3039 sedet
768 3011 778 3033 ιι
791 3010 796 3037 :
812 3005 874 3038 nam
886 2985 995 3055 plenum
1011 2998 1050 3036 est
1060 2986 1113 3037 val·

68 3079 212 3135 angustast
221 3069 329 3138 pervia:
341 3067 567 3120 dictaafaucium
613 3067 660 3132 les,
681 3068 748 3118 sicut
771 3084 840 3116 nunc
861 3061 986 3134 Virgilius
1008 3067 1112 3133 posuit,

69 3143 331 3196 similitudinetSeru.
614 3145 688 3216 quod
705 3147 739 3197 ita
761 3161 817 3196 esse
840 3143 981 3192 diminutio
998 3142 1112 3206 indicat;

102 3223 162 3294 519.
178 3226 259 3276 Ducis
269 3237 295 3276 et
308 3237 336 3277 tu
348 3228 454 3298 concipe
470 3246 567 3278 curam.
613 3245 674 3276 nam
684 3223 812 3276 valleculo
821 3222 933 3272 dieitur:
946 3223 1014 3272 sicut
1022 3224 1113 3274 turrim

614 3305 667 3355 diei
680 3303 777 3355 debere
791 3301 942 3352 turriculam
954 3303 1070 3354 indicat:
1087 3301 1114 3356 at

68 3300 138 3353 Sicut
159 3322 231 3374 egos
251 3321 313 3356 nam
331 3324 383 3356 non
402 3304 482 3373 dicit,
500 3305 568 3357 sicut

69 3381 217 3452 Messapus,
226 3395 272 3434 aut
280 3383 339 3448 alii,
348 3404 381 3436 ne
392 3387 416 3436 ei
429 3386 518 3436 lacere
529 3387 568 3436 vi·
614 3384 703 3454 vulpes
723 3381 860 3452 vulpecula
880 3381 953 3431 facit.
976 3383 1114 3458 Horatius,

619 3467 746 3515 aMoveat
759 3461 901 3532 vulpecula
916 3463 1005 3513 risum.
1018 3487 1029 3510 n
1045 3464 1114 3535 Ergo

70 3459 570 3536 deaturiujuriam.Concipeautem,vel

73 3542 147 3592 simul
161 3561 222 3594 cum
236 3542 288 3593 illis
301 3562 389 3608 sume,
410 3545 452 3595 vel
466 3563 571 3596 mecum

72 3637 151 3688 cape,
168 3622 232 3690 quia
247 3621 292 3671 ille
309 3621 425 3688 dixerat,
446 3642 571 3674 “mecum

72 3700 170 3766 partire
185 3699 314 3752 laborem.
327 3725 338 3747 n
357 3704 412 3768 'Con
425 3705 493 3754 enirn
506 3722 572 3754 con·

7 3805 8 3850 j
72 3779 189 3844 inactiva
212 3779 346 3847 particula
367 3793 424 3832 est:
455 3781 574 3835 undeet

75 3860 209 3908 convocari
219 3859 252 3909 de
263 3860 386 3930 pluribus
397 3860 518 3912 dicimus.
529 3863 555 3912 S.

93 3935 575 3992 522.Valles.Metrinecessitatecom·

77 4015 245 4082 pellimur,ut
254 4017 335 4070 valles
342 4017 575 4071 dicamus.Statius

607 3547 643 3595 -in
661 3563 685 3594 es
701 3543 742 3594 vel
759 3543 786 3592 in
804 3542 823 3592 is
840 3541 947 3612 quando
961 3543 1116 3612 naturaliter
1165 3534 1174 3552 ⁸

617 3635 712 3674 exeant
723 3622 845 3686 nomina,
858 3621 916 3671 sola
926 3619 1067 3672 diminutio
1078 3625 1116 3674 in-

618 3701 702 3763 dicat,
718 3719 750 3752 ea
767 3712 855 3750 autem
870 3718 928 3770 quae
941 3701 968 3750 in
983 3719 1008 3752 es
1021 3714 1118 3753 exeunt

617 3781 698 3853 longa
716 3791 778 3830 sunt
795 3781 897 3845 omnia,
917 3780 939 3829 si
958 3782 985 3830 in
1001 3783 1117 3852 genitivo

619 3879 674 3910 non
682 3872 819 3923 crescant,
830 3871 859 3908 ut
870 3857 949 3924 labes,
961 3860 1052 3925 valles,
1064 3859 1119 3912 vul·

618 3959 677 4012 pes:
692 3959 753 3991 nam
764 3941 786 3989 si
797 3953 932 4005 creseunt,
942 3939 1035 3992 brevia
1044 3953 1117 4004 sunt,

621 4031 651 4068 ut
663 4017 736 4070 miles
751 4016 849 4068 sallitis.
862 4019 933 4071 Serv.
