2704 4582
257 265 317 376 ψ’
581 288 959 354 conuenturam

252 423 308 485 dos
319 421 440 480 decimo
450 415 549 490 libro,
563 415 619 475 ubi
626 413 753 496 juvenes
766 428 836 477 octo
846 417 910 476 vivi
921 419 1000 500 rapti
1011 430 1123 480 suntet
1135 421 1302 496 asservati,

253 523 288 571 ut
299 506 536 568 immolarentur
547 503 581 562 iu
594 504 735 586 sepulcro
749 505 916 566 Pallantis:
931 503 987 566 hos
1000 505 1060 582 ibi,
1073 519 1103 566 et
1114 505 1165 568 hic
1178 509 1304 592 inferias

255 607 359 668 vocat,
375 612 443 674 quae
460 590 630 650 caedendae:
653 611 726 672 ergo
744 589 857 652 horum
866 590 1018 673 juvenum
1030 615 1141 656 manus
1159 594 1210 655 hic
1224 611 1304 678 post

251 697 373 763 tergum
381 683 490 742 AEneas
497 680 604 754 vincit,
613 691 647 738 ut
655 679 808 762 reliquam
816 670 966 762 pomfiarn
973 683 1090 744 funeris
1098 689 1301 746 comitentur.

292 773 340 834 83.
355 773 491 832 Domum·
500 771 602 830 trunci
612 769 761 830 arborum
774 771 948 832 induuntur
960 775 1053 832 armis
1065 794 1213 834 caesorum
1225 773 1302 833 hos·

251 864 347 937 tium,
369 880 408 920 ne
427 859 526 925 desint
546 857 685 940 trophaea
706 861 739 918 in
758 858 818 920 hoc
837 875 1008 942 apparatu:
1030 863 1159 944 singulis
1177 863 1300 922 truncis

252 947 431 1029 adjungitur
444 967 564 1008 nomen·
575 948 645 1008 caesi
660 944 774 1022 hostis3
793 947 897 1010 ferunt
912 947 970 1008 hos
984 969 1050 1008 non
1066 970 1083 1009 e
1096 950 1195 1030 vulgo.
1212 950 1300 1009 mili·

250 1049 311 1110 tes,
333 1034 385 1094 sed
402 1037 459 1116 ipsi
477 1033 577 1094 duces.
600 1034 684 1094 Adeo
702 1036 809 1094 omnia
826 1037 860 1094 in
881 1035 941 1096 hoc
958 1035 1066 1100 funere
1082 1037 1250 1119 magnifica
1267 1049 1300 1096 ct

250 1125 399 1208 spectata!
683 1123 685 1128 ’
794 1167 796 1172 ,
943 1123 946 1126 ’

292 1213 341 1274 85.
351 1215 386 1273 In
397 1213 540 1294 principe
549 1233 673 1294 pompae
683 1211 752 1274 loco
762 1257 770 1288 ,
781 1215 899 1274 Acoetes
908 1216 1038 1296 ponitur
1048 1216 1165 1276 mortui
1172 1212 1299 1296 juvenis

250 1318 369 1378 custos,
383 1303 439 1384 qui
451 1323 521 1362 vere
532 1301 660 1374 ducitur,
678 1316 713 1362 ut
726 1302 872 1386 consectus
885 1325 962 1378 aevo,
982 1325 1038 1364 uec
1055 1306 1129 1364 satis
1140 1304 1237 1364 firmis
1248 1305 1299 1362 vi·

248 1395 352 1468 ribus3
373 1393 519 1454 adunam
533 1413 598 1453 rem
614 1405 720 1452 tamen
731 1394 810 1454 vires
828 1395 1050 1476 suppeteban13
1072 1416 1146 1455 nam
1158 1391 1300 1454 foedabat

248 1484 397 1564 (verbum
409 1483 523 1542 mirum
534 1479 574 1542 ad
582 1483 678 1561 πάθος)
689 1487 795 1568 pugnis
802 1497 918 1566 pectora
926 1498 955 1546 et
962 1483 1125 1566 unguibus:
1138 1482 1298 1544 interdum

250 1574 342 1654 etiam
356 1571 446 1632 humi
459 1572 653 1634 sternebatur
664 1585 749 1634 totus
764 1573 1036 1638 lamentabundae.
1052 1576 1167 1636 Omnia
1182 1572 1236 1633 hic
1247 1597 1300 1633 πα-

185 1691 190 1703 ‘
251 1653 352 1726 tactae.
834 1699 835 1702 ¹

290 1752 337 1810 88.
357 1748 498 1830 Intellige
512 1769 618 1812 currus
633 1749 785 1812 detractos
799 1749 902 1826 hosti,
925 1763 954 1812 et
969 1751 1027 1813 hos
1042 1749 1151 1813 Rutulo
1168 1744 1300 1834 perfines

250 1839 407 1918 sanguine,
418 1835 458 1895 ad
469 1837 602 1916 gloriam
611 1837 777 1900 Pallantis:
789 1839 901 1900 deinde
912 1843 1051 1922 sequitur
1060 1839 1188 1916 AEthon,
1199 1860 1298 1921 equus

250 1924 387 2006 ejusdem
401 1926 549 1986 Pallantis
561 1949 567 1985 :
583 1928 663 1988 mira
675 1927 727 1988 hic
737 1933 822 2006 uoltu,
838 1951 910 1990 narn
921 1932 975 2011 qui
985 1931 1071 2013 prius
1082 1927 1215 2002 bellator,
1230 1925 1298 2009 jam

249 2016 316 2092 sine
333 2013 511 2096 insignibus:
533 2017 611 2096 quin
631 2013 812 2098 lacrymans,
835 2033 864 2079 et
881 2022 969 2102 guttis
987 2019 1159 2102 grandibus,
1180 2015 1299 2100 quihus

252 2099 399 2164 humectat
409 2107 419 2179 (
429 2103 558 2164 verbum
569 2108 705 2173 αὐξητικὸν
716 2107 727 2184 )
739 2125 811 2166 occu

291 2211 339 2270 91.
356 2191 533 2271 Sequuntur
542 2191 596 2252 alii
606 2213 677 2254 cum
688 2192 776 2254 hasta
786 2208 816 2254 et
825 2196 912 2277 galea
921 2195 1070 2257 Pallantis
1082 2218 1088 2253 :
1102 2194 1152 2254 sed
1165 2191 1299 2254 curhaec

251 2276 394 2337 tantum?
410 2281 483 2359 quia
500 2293 594 2340 cetera
612 2284 728 2342 Turnus
743 2285 834 2344 victor
849 2283 953 2345 habet:
973 2305 1046 2344 mox
1062 2280 1195 2364 phalanx
1212 2293 1299 2354 tota,

252 2367 396 2429 videlicet
406 2369 493 2430 mille
508 2367 554 2428 illi
568 2371 627 2430 viri
639 2371 710 2435 lecti
723 2393 759 2432 ex
770 2386 837 2434 toto
850 2376 991 2456 agmine,
1005 2373 1155 2434 nimirum
1170 2391 1205 2432 er
1217 2371 1299 2429 Teu·

287 2497 329 2565 84.
347 2497 419 2568 Ipsos
424 2498 496 2570 ferre
507 2499 589 2552 duces.
603 2501 670 2552 Suos
683 2501 752 2553 scili·-
797 2503 868 2556 unde
880 2503 950 2556 hano
962 2501 1181 2556 consuetudinem
1192 2499 1299 2552 videtur

251 2579 327 2642 licet,
341 2580 387 2648 qui
395 2578 447 2629 illis
459 2579 530 2631 mille
541 2595 680 2650 praeerant.
692 2583 750 2632 Me·
796 2571 877 2655 poeta
887 2603 1014 2636 servasse.
1028 2585 1097 2646 Seru.
1107 2611 1143 2622 —
1151 2581 1246 2634 Positis
1257 2581 1298 2631 in-

250 2658 301 2708 lina
318 2670 406 2708 tamen
423 2669 476 2726 est,
493 2671 602 2711 truncos
613 2661 688 2728 jubet
700 2679 750 2730 pro
795 2664 916 2735 signibus.
936 2663 996 2714 Sine
1010 2661 1144 2733 phaleris:
1163 2673 1237 2726 sunt,
1251 2664 1299 2730 qui

162 2731 167 2739 ’
250 2735 349 2787 ducum
366 2736 458 2806 spoliis
475 2737 635 2808 semeipsos
652 2739 748 2806 duces,
795 2755 905 2815 putent,
921 2742 993 2794 hune
1010 2759 1109 2812 equum
1120 2743 1159 2793 ita
1172 2739 1297 2802 ductum,

250 2828 281 2869 ut
292 2827 406 2886 tropaea,
420 2815 523 2870 «duces
533 2819 606 2887 ipsos
617 2841 628 2866 n
641 2817 750 2882 dixerit3
796 2834 826 2873 ut
846 2838 907 2874 curn
927 2821 1058 2874 cadavere
1080 2820 1297 2882 combureretur,

252 2899 321 2950 sicut
341 2914 436 2968 supra,
463 2897 663 2970 «Manibuaque
686 2900 751 2950 meis
796 2919 870 2953 more
882 2913 945 2953 tune
957 2902 1071 2965 usitato,
1094 2917 1147 2971 quo
1160 2900 1300 2954 carissima

250 2975 394 3031 Mezentius
417 2977 462 3029 hic
483 2991 559 3041 est»,
582 2979 615 3032 de
634 2992 750 3051 tropaeo:
797 2998 908 3051 quaeque
920 2998 974 3032 una
986 2978 1184 3032 cremabantur.
1196 2978 1249 3028 Alii
1263 2976 1300 3028 ad

251 3058 333 3110 duces
344 3070 447 3123 autem,
460 3070 489 3109 ut
500 3057 628 3110 Halesum
639 3073 665 3112 et
679 3061 752 3129 ejus·
795 3079 900 3132 pompe
918 3073 1021 3113 tantum
1040 3072 1164 3112 ornatum
1188 3069 1299 3110 censent

250 3137 325 3190 modi
335 3156 402 3209 quos
412 3137 549 3190 occiderat
558 3138 659 3204 Pallas,
669 3137 751 3194 duces
795 3140 966 3212 productum.
980 3140 1088 3192 Taubm.

251 3221 303 3289 ipsi
311 3216 547 3289 portarent,(nam
555 3217 751 3272 ducumfuerat
829 3220 1239 3294 90.Itlacvymans.Nonmirum
1247 3233 1299 3285 est,

252 3309 352 3368 tropea
365 3298 507 3370 portare,)
521 3311 551 3350 ut
562 3297 661 3350 habeat
674 3314 752 3370 pater
797 3303 976 3374 quodequum
985 3301 1049 3352 dicit
1058 3299 1205 3368 lacrymari,
1213 3317 1300 3367 quum

252 3378 375 3428 solatium
386 3377 419 3430 de
430 3380 543 3432 victoria
554 3378 614 3446 filii,
625 3392 652 3432 et
663 3379 752 3432 honor
795 3386 925 3436 Homerus
932 3384 1011 3434 etiam
1017 3380 1179 3430 divinantem
1185 3376 1300 3430 induxe-

250 3459 339 3509 funeri
352 3457 471 3509 accedat.
483 3461 693 3532 -Inimr'caque
704 3480 751 3513 no·
796 3465 838 3514 rit.
860 3463 959 3514 Plinius
978 3458 1063 3510 solnm
1082 3473 1180 3526 equum
1199 3470 1299 3525 praeter

251 3537 324 3588 mina
334 3535 395 3610 figi.
415 3537 465 3588 Pro
485 3539 667 3592 inimicorum:
686 3540 752 3593 dicit
795 3542 929 3594 hominem
938 3540 1093 3609 lacrymare,
1105 3548 1131 3588 et
1138 3535 1240 3588 doloris
1250 3538 1297 3590 ad·

187 3646 189 3652 i
253 3632 340 3670 autem
354 3616 453 3669 adfixos
464 3624 571 3692 tropaeis
584 3622 676 3674 titulos
689 3641 750 3674 cum
793 3623 893 3674 fectum
903 3619 1014 3683 sentire,
1025 3617 1103 3681 dicit,
1112 3615 1158 3667 lib.
1168 3615 1240 3682 Vlll,
1250 3617 1296 3682 42,

251 3697 404 3755 nominibus
414 3699 572 3752 occisorum.
584 3702 653 3754 Seru.
793 3701 840 3752 ubi
854 3699 887 3751 de
905 3698 994 3768 equis;
1014 3695 1118 3746 «tidem
1128 3697 1295 3768 presagium

286 3779 327 3845 89.
341 3777 404 3828 Post
413 3776 519 3829 bellator
528 3771 616 3852 equae.
626 3779 749 3832 Militaris
793 3796 924 3850 pugnam,
937 3789 964 3828 et
976 3777 1087 3828 amissos
1101 3774 1194 3847 lugent
1206 3774 1295 3827 domi-

251 3857 321 3909 enim
331 3855 477 3926 discipliuae
490 3859 554 3926 fuit,
567 3873 596 3910 ut
608 3877 692 3930 equus
705 3877 750 3912 us·
793 3877 856 3925 nos,
872 3857 1055 3929 lacrymasque
1071 3853 1206 3908 interdum
1222 3854 1295 3906 desi-

253 3953 304 4005 que
313 3935 505 4006 adsepulcrum
510 3937 661 4004 duceretur,
668 3952 748 4011 atque
794 3938 868 3990 derio
876 3937 992 3993 fundunt
1002 3961 1026 4003 n,
1037 3951 1062 3990 et
1071 3955 1127 4008 quae
1135 3947 1293 4007 sequuntur.

253 4018 366 4088 armiger
381 4035 508 4087 perversa
527 4038 599 4072 arma
617 4033 748 4093 gestaret,
793 4021 870 4074 Hom.
883 4017 958 4072 Iliad.
971 4027 1001 4080 P,
1014 4036 1039 4069 v.
1052 4017 1112 4083 438.
