<?xml version="1.0" encoding="UTF-8"?>
<!DOCTYPE html PUBLIC "-//W3C//DTD XHTML 1.0 Transitional//EN"
    "http://www.w3.org/TR/xhtml1/DTD/xhtml1-transitional.dtd">
<html xmlns="http://www.w3.org/1999/xhtml" xml:lang="en" lang="en">
 <head>
  <title>
</title>
<meta http-equiv="Content-Type" content="text/html;charset=utf-8" />
  <meta name='ocr-system' content='tesseract 3.04.00' />
  <meta name='ocr-capabilities' content='ocr_page ocr_carea ocr_par ocr_line ocrx_word'/>
</head>
<body>
  <div class='ocr_page' id='page_1' title='image "./pvirgiliusmaroq06barbgoog_0374.png"; bbox 0 0 2726 4592; ppageno 0'>
   <div class='ocr_carea' id='block_1_1' title="bbox 246 281 1039 352">
    <p class='ocr_par' dir='ltr' id='par_1_1' title="bbox 246 281 1039 352">
     <span class='ocr_line' id='line_1_1' title="bbox 246 281 1039 352; baseline 0.003 -2"><span class='ocrx_word' id='word_1_1' title='bbox 246 284 313 350; x_wconf 68' lang='lat'>358</span> <span class='ocrx_word' id='word_1_2' title='bbox 492 288 526 348; x_wconf 82' lang='lat' dir='ltr'>P.</span> <span class='ocrx_word' id='word_1_3' title='bbox 553 281 786 349; x_wconf 85' lang='lat' dir='ltr'>VlRGlLll</span> <span class='ocrx_word' id='word_1_4' title='bbox 807 285 1039 352; x_wconf 71' lang='lat' dir='ltr'>Marionis</span> 
     </span>
    </p>
   </div>
   <div class='ocr_carea' id='block_1_2' title="bbox 222 405 1300 734">
    <p class='ocr_par' dir='ltr' id='par_1_2' title="bbox 243 405 1300 580">
     <span class='ocr_line' id='line_1_2' title="bbox 243 405 1300 492; baseline 0.004 -26"><span class='ocrx_word' id='word_1_5' title='bbox 243 407 337 488; x_wconf 88' lang='lat' dir='ltr'>posui</span> <span class='ocrx_word' id='word_1_6' title='bbox 361 405 578 486; x_wconf 70' lang='lat' dir='ltr'>predicanda:</span> <span class='ocrx_word' id='word_1_7' title='bbox 601 425 685 466; x_wconf 90' lang='lat' dir='ltr'>nunc</span> <span class='ocrx_word' id='word_1_8' title='bbox 709 406 890 485; x_wconf 81' lang='lat' dir='ltr'>priusquam</span> <span class='ocrx_word' id='word_1_9' title='bbox 914 408 1090 490; x_wconf 84' lang='lat' dir='ltr'><strong>quidquam</strong></span> <span class='ocrx_word' id='word_1_10' title='bbox 1109 410 1148 469; x_wconf 84' lang='lat' dir='ltr'>de</span> <span class='ocrx_word' id='word_1_11' title='bbox 1168 414 1300 492; x_wconf 69' lang='lat' dir='ltr'>poetica</span> 
     </span>
     <span class='ocr_line' id='line_1_3' title="bbox 244 491 1299 580; baseline 0.009 -28"><span class='ocrx_word' id='word_1_12' title='bbox 244 492 309 574; x_wconf 87' lang='lat' dir='ltr'>ejus</span> <span class='ocrx_word' id='word_1_13' title='bbox 325 492 471 554; x_wconf 83' lang='lat' dir='ltr'>facultate</span> <span class='ocrx_word' id='word_1_14' title='bbox 486 494 613 574; x_wconf 86' lang='lat' dir='ltr'>loquar,</span> <span class='ocrx_word' id='word_1_15' title='bbox 629 491 729 552; x_wconf 88' lang='lat' dir='ltr'>dicam</span> <span class='ocrx_word' id='word_1_16' title='bbox 747 492 904 552; x_wconf 85' lang='lat' dir='ltr'><strong>doctrinas</strong></span> <span class='ocrx_word' id='word_1_17' title='bbox 917 493 1007 570; x_wconf 85' lang='lat' dir='ltr'>alias,</span> <span class='ocrx_word' id='word_1_18' title='bbox 1022 496 1299 580; x_wconf 66' lang='lat' dir='ltr'>multiplicemque.</span> 
     </span>
    </p>

    <p class='ocr_par' dir='ltr' id='par_1_3' title="bbox 222 582 1296 734">
     <span class='ocr_line' id='line_1_4' title="bbox 222 582 1296 670; baseline 0.007 -28"><span class='ocrx_word' id='word_1_19' title='bbox 222 625 225 634; x_wconf 76' lang='lat'>.</span> <span class='ocrx_word' id='word_1_20' title='bbox 245 585 445 665; x_wconf 82' lang='lat' dir='ltr'>sapientiam,</span> <span class='ocrx_word' id='word_1_21' title='bbox 459 605 520 666; x_wconf 91' lang='lat' dir='ltr'>qua</span> <span class='ocrx_word' id='word_1_22' title='bbox 534 583 584 643; x_wconf 92' lang='lat' dir='ltr'>hic</span> <span class='ocrx_word' id='word_1_23' title='bbox 598 584 651 642; x_wconf 86' lang='lat' dir='ltr'>vir</span> <span class='ocrx_word' id='word_1_24' title='bbox 660 582 809 644; x_wconf 83' lang='lat' dir='ltr'>imbutus.</span> <span class='ocrx_word' id='word_1_25' title='bbox 822 585 945 666; x_wconf 83' lang='lat' dir='ltr'>Incipio</span> <span class='ocrx_word' id='word_1_26' title='bbox 957 607 975 644; x_wconf 84' lang='lat' dir='ltr'>a</span> <span class='ocrx_word' id='word_1_27' title='bbox 987 583 1206 670; x_wconf 87' lang='lat' dir='ltr'>philosophia,</span> <span class='ocrx_word' id='word_1_28' title='bbox 1220 608 1296 670; x_wconf 83' lang='lat' dir='ltr'>quae·</span> 
     </span>
     <span class='ocr_line' id='line_1_5' title="bbox 247 672 482 734; baseline -0.017 0"><span class='ocrx_word' id='word_1_29' title='bbox 247 684 347 734; x_wconf 80' lang='lat' dir='ltr'>mater</span> <span class='ocrx_word' id='word_1_30' title='bbox 358 672 482 730; x_wconf 87' lang='lat' dir='ltr'>artium.</span> 
     </span>
    </p>
   </div>
   <div class='ocr_carea' id='block_1_3' title="bbox 544 803 1029 887">
    <p class='ocr_par' dir='ltr' id='par_1_4' title="bbox 544 803 1029 887">
     <span class='ocr_line' id='line_1_6' title="bbox 544 803 1029 887; baseline 0.01 -5"><span class='ocrx_word' id='word_1_31' title='bbox 544 841 674 884; x_wconf 76' lang='lat' dir='ltr'>Etoeta</span> <span class='ocrx_word' id='word_1_32' title='bbox 695 803 992 883; x_wconf 64' lang='lat' dir='ltr'>spatiosorum.</span> <span class='ocrx_word' id='word_1_33' title='bbox 1025 879 1029 887; x_wconf 89' lang='lat'>.</span> 
     </span>
    </p>
   </div>
   <div class='ocr_carea' id='block_1_4' title="bbox 191 981 1354 4086">
    <p class='ocr_par' dir='ltr' id='par_1_5' title="bbox 245 981 1354 2394">
     <span class='ocr_line' id='line_1_7' title="bbox 286 981 1297 1067; baseline 0.005 -28"><span class='ocrx_word' id='word_1_34' title='bbox 286 981 447 1040; x_wconf 89' lang='lat' dir='ltr'>Versatum</span> <span class='ocrx_word' id='word_1_35' title='bbox 470 983 611 1064; x_wconf 89' lang='lat' dir='ltr'>apprime</span> <span class='ocrx_word' id='word_1_36' title='bbox 633 981 729 1042; x_wconf 83' lang='lat' dir='ltr'>fuisse</span> <span class='ocrx_word' id='word_1_37' title='bbox 745 983 912 1064; x_wconf 74' lang='lat' dir='ltr'>Virgilium</span> <span class='ocrx_word' id='word_1_38' title='bbox 934 985 968 1043; x_wconf 89' lang='lat' dir='ltr'>in</span> <span class='ocrx_word' id='word_1_39' title='bbox 987 984 1134 1044; x_wconf 86' lang='lat' dir='ltr'>omnibus</span> <span class='ocrx_word' id='word_1_40' title='bbox 1153 983 1297 1067; x_wconf 51' lang='lat' dir='ltr'>philoso*</span> 
     </span>
     <span class='ocr_line' id='line_1_8' title="bbox 246 1063 1298 1152; baseline 0.006 -26"><span class='ocrx_word' id='word_1_41' title='bbox 246 1065 333 1150; x_wconf 91' lang='lat' dir='ltr'>phis‚</span> <span class='ocrx_word' id='word_1_42' title='bbox 346 1083 375 1128; x_wconf 87' lang='lat' dir='ltr'>et</span> <span class='ocrx_word' id='word_1_43' title='bbox 386 1068 593 1152; x_wconf 71' lang='lat' dir='ltr'>philosophia</span> <span class='ocrx_word' id='word_1_44' title='bbox 606 1069 788 1151; x_wconf 80' lang='lat' dir='ltr'>generibus,</span> <span class='ocrx_word' id='word_1_45' title='bbox 800 1070 996 1152; x_wconf 91' lang='lat' dir='ltr'>proclamant</span> <span class='ocrx_word' id='word_1_46' title='bbox 1008 1091 1115 1131; x_wconf 87' lang='lat' dir='ltr'>omnes</span> <span class='ocrx_word' id='word_1_47' title='bbox 1128 1063 1196 1152; x_wconf 83' lang='lat' dir='ltr'>ejus</span> <span class='ocrx_word' id='word_1_48' title='bbox 1207 1093 1298 1132; x_wconf 84' lang='lat' dir='ltr'>enco-</span> 
     </span>
     <span class='ocr_line' id='line_1_9' title="bbox 245 1157 1295 1244; baseline 0.002 -26"><span class='ocrx_word' id='word_1_49' title='bbox 245 1157 376 1226; x_wconf 83' lang='lat' dir='ltr'>miastae.</span> <span class='ocrx_word' id='word_1_50' title='bbox 399 1157 538 1219; x_wconf 87' lang='lat' dir='ltr'>Macrob.</span> <span class='ocrx_word' id='word_1_51' title='bbox 559 1161 572 1217; x_wconf 97' lang='lat' dir='ltr'>l</span> <span class='ocrx_word' id='word_1_52' title='bbox 591 1162 650 1220; x_wconf 86' lang='lat' dir='ltr'>Sat.</span> <span class='ocrx_word' id='word_1_53' title='bbox 675 1159 937 1243; x_wconf 71' lang='lat' dir='ltr'>“Philosophiam</span> <span class='ocrx_word' id='word_1_54' title='bbox 959 1163 1045 1244; x_wconf 90' lang='lat' dir='ltr'>operi</span> <span class='ocrx_word' id='word_1_55' title='bbox 1061 1183 1117 1222; x_wconf 92' lang='lat' dir='ltr'>suo</span> <span class='ocrx_word' id='word_1_56' title='bbox 1137 1182 1295 1242; x_wconf 84' lang='lat' dir='ltr'>nusquam</span> 
     </span>
     <span class='ocr_line' id='line_1_10' title="bbox 246 1245 1297 1330; baseline 0.001 -24"><span class='ocrx_word' id='word_1_57' title='bbox 246 1245 517 1328; x_wconf 87' lang='lat' dir='ltr'>reprehendendus</span> <span class='ocrx_word' id='word_1_58' title='bbox 533 1252 694 1330; x_wconf 71' lang='lat' dir='ltr'>aspersit.»</span> <span class='ocrx_word' id='word_1_59' title='bbox 708 1253 790 1311; x_wconf 88' lang='lat' dir='ltr'>Serv.</span> <span class='ocrx_word' id='word_1_60' title='bbox 801 1253 829 1311; x_wconf 90' lang='lat' dir='ltr'>V</span> <span class='ocrx_word' id='word_1_61' title='bbox 839 1249 904 1310; x_wconf 89' lang='lat' dir='ltr'>Ecl.</span> <span class='ocrx_word' id='word_1_62' title='bbox 921 1252 978 1309; x_wconf 79' lang='lat' dir='ltr'>ein</span> <span class='ocrx_word' id='word_1_63' title='bbox 992 1251 1083 1310; x_wconf 90' lang='lat' dir='ltr'>rebus</span> <span class='ocrx_word' id='word_1_64' title='bbox 1096 1247 1297 1313; x_wconf 83' lang='lat' dir='ltr'>naturalibus</span> 
     </span>
     <span class='ocr_line' id='line_1_11' title="bbox 246 1338 1296 1423; baseline 0.002 -29"><span class='ocrx_word' id='word_1_65' title='bbox 246 1338 361 1418; x_wconf 82' lang='lat' dir='ltr'>peritus.</span> <span class='ocrx_word' id='word_1_66' title='bbox 374 1363 390 1394; x_wconf 67' lang='lat' dir='ltr'>&gt;r</span> <span class='ocrx_word' id='word_1_67' title='bbox 402 1341 441 1398; x_wconf 89' lang='lat' dir='ltr'>Et</span> <span class='ocrx_word' id='word_1_68' title='bbox 452 1341 485 1398; x_wconf 91' lang='lat' dir='ltr'>in</span> <span class='ocrx_word' id='word_1_69' title='bbox 499 1339 541 1399; x_wconf 93' lang='lat' dir='ltr'>VI</span> <span class='ocrx_word' id='word_1_70' title='bbox 553 1342 620 1400; x_wconf 88' lang='lat' dir='ltr'>AEn.</span> <span class='ocrx_word' id='word_1_71' title='bbox 639 1339 808 1400; x_wconf 78' lang='lat' dir='ltr'>edicuntur</span> <span class='ocrx_word' id='word_1_72' title='bbox 826 1341 925 1402; x_wconf 89' lang='lat' dir='ltr'>multa</span> <span class='ocrx_word' id='word_1_73' title='bbox 951 1362 1007 1423; x_wconf 89' lang='lat' dir='ltr'>per</span> <span class='ocrx_word' id='word_1_74' title='bbox 1024 1339 1111 1400; x_wconf 88' lang='lat' dir='ltr'>illam</span> <span class='ocrx_word' id='word_1_75' title='bbox 1130 1341 1296 1400; x_wconf 85' lang='lat' dir='ltr'>scientiam</span> 
     </span>
     <span class='ocr_line' id='line_1_12' title="bbox 246 1424 1299 1511; baseline 0.002 -27"><span class='ocrx_word' id='word_1_76' title='bbox 246 1424 545 1508; x_wconf 69' lang='lat' dir='ltr'>philosophorum.»</span> <span class='ocrx_word' id='word_1_77' title='bbox 566 1431 594 1490; x_wconf 87' lang='lat' dir='ltr'>S.</span> <span class='ocrx_word' id='word_1_78' title='bbox 610 1432 739 1511; x_wconf 79' lang='lat' dir='ltr'>August.</span> <span class='ocrx_word' id='word_1_79' title='bbox 759 1430 813 1490; x_wconf 90' lang='lat' dir='ltr'>lib.</span> <span class='ocrx_word' id='word_1_80' title='bbox 828 1432 870 1490; x_wconf 90' lang='lat' dir='ltr'>lV</span> <span class='ocrx_word' id='word_1_81' title='bbox 881 1431 974 1490; x_wconf 87' lang='lat' dir='ltr'>Civit.</span> <span class='ocrx_word' id='word_1_82' title='bbox 993 1442 1179 1492; x_wconf 81' lang='lat' dir='ltr'>annumerat</span> <span class='ocrx_word' id='word_1_83' title='bbox 1197 1429 1299 1507; x_wconf 88' lang='lat' dir='ltr'>Virgi-</span> 
     </span>
     <span class='ocr_line' id='line_1_13' title="bbox 247 1508 1298 1597; baseline 0.002 -26"><span class='ocrx_word' id='word_1_84' title='bbox 247 1512 327 1572; x_wconf 85' lang='lat' dir='ltr'>lium</span> <span class='ocrx_word' id='word_1_85' title='bbox 344 1516 427 1573; x_wconf 88' lang='lat' dir='ltr'>inter</span> <span class='ocrx_word' id='word_1_86' title='bbox 439 1514 564 1591; x_wconf 77' lang='lat' dir='ltr'>dectoS,</span> <span class='ocrx_word' id='word_1_87' title='bbox 580 1531 610 1576; x_wconf 88' lang='lat' dir='ltr'>et</span> <span class='ocrx_word' id='word_1_88' title='bbox 627 1508 795 1597; x_wconf 81' lang='lat' dir='ltr'>sapientes,</span> <span class='ocrx_word' id='word_1_89' title='bbox 810 1529 902 1596; x_wconf 88' lang='lat' dir='ltr'>atque</span> <span class='ocrx_word' id='word_1_90' title='bbox 919 1517 1059 1577; x_wconf 88' lang='lat' dir='ltr'>locutum</span> <span class='ocrx_word' id='word_1_91' title='bbox 1074 1537 1110 1575; x_wconf 84' lang='lat' dir='ltr'>ex</span> <span class='ocrx_word' id='word_1_92' title='bbox 1126 1514 1217 1576; x_wconf 89' lang='lat' dir='ltr'>libris</span> <span class='ocrx_word' id='word_1_93' title='bbox 1230 1513 1298 1596; x_wconf 92' lang='lat' dir='ltr'>phi·</span> 
     </span>
     <span class='ocr_line' id='line_1_14' title="bbox 248 1598 1297 1686; baseline 0.002 -26"><span class='ocrx_word' id='word_1_94' title='bbox 248 1598 464 1682; x_wconf 90' lang='lat' dir='ltr'>losophorum.</span> <span class='ocrx_word' id='word_1_95' title='bbox 478 1606 686 1686; x_wconf 79' lang='lat' dir='ltr'>Hieronymus</span> <span class='ocrx_word' id='word_1_96' title='bbox 697 1626 821 1686; x_wconf 91' lang='lat' dir='ltr'>quoque</span> <span class='ocrx_word' id='word_1_97' title='bbox 834 1625 901 1686; x_wconf 91' lang='lat' dir='ltr'>cap.</span> <span class='ocrx_word' id='word_1_98' title='bbox 911 1605 954 1664; x_wconf 95' lang='lat' dir='ltr'>lll</span> <span class='ocrx_word' id='word_1_99' title='bbox 967 1607 999 1664; x_wconf 90' lang='lat' dir='ltr'>in</span> <span class='ocrx_word' id='word_1_100' title='bbox 1012 1603 1136 1664; x_wconf 91' lang='lat' dir='ltr'>Nahum</span> <span class='ocrx_word' id='word_1_101' title='bbox 1149 1623 1297 1664; x_wconf 88' lang='lat' dir='ltr'>unacum</span> 
     </span>
     <span class='ocr_line' id='line_1_15' title="bbox 249 1690 1299 1776; baseline 0.002 -27"><span class='ocrx_word' id='word_1_102' title='bbox 249 1690 448 1773; x_wconf 90' lang='lat' dir='ltr'>philosophis</span> <span class='ocrx_word' id='word_1_103' title='bbox 459 1693 624 1776; x_wconf 83' lang='lat' dir='ltr'>conjungit</span> <span class='ocrx_word' id='word_1_104' title='bbox 633 1696 813 1768; x_wconf 85' lang='lat' dir='ltr'>Maronem3</span> <span class='ocrx_word' id='word_1_105' title='bbox 824 1696 902 1756; x_wconf 88' lang='lat' dir='ltr'>sicut</span> <span class='ocrx_word' id='word_1_106' title='bbox 915 1708 943 1754; x_wconf 90' lang='lat' dir='ltr'>et</span> <span class='ocrx_word' id='word_1_107' title='bbox 954 1693 1151 1776; x_wconf 88' lang='lat' dir='ltr'>Capitolinus</span> <span class='ocrx_word' id='word_1_108' title='bbox 1164 1693 1299 1774; x_wconf 86' lang='lat' dir='ltr'>loquens</span> 
     </span>
     <span class='ocr_line' id='line_1_16' title="bbox 249 1779 1298 1864; baseline 0.001 -27"><span class='ocrx_word' id='word_1_109' title='bbox 249 1779 288 1837; x_wconf 90' lang='lat' dir='ltr'>de</span> <span class='ocrx_word' id='word_1_110' title='bbox 306 1780 467 1840; x_wconf 87' lang='lat' dir='ltr'>Gordiano</span> <span class='ocrx_word' id='word_1_111' title='bbox 488 1785 681 1864; x_wconf 81' lang='lat' dir='ltr'>Imperatore</span> <span class='ocrx_word' id='word_1_112' title='bbox 699 1806 705 1842; x_wconf 95' lang='lat'><strong>:</strong></span> <span class='ocrx_word' id='word_1_113' title='bbox 723 1785 808 1844; x_wconf 76' lang='lat' dir='ltr'>«Hic</span> <span class='ocrx_word' id='word_1_114' title='bbox 827 1784 911 1842; x_wconf 86' lang='lat' dir='ltr'>euim</span> <span class='ocrx_word' id='word_1_115' title='bbox 925 1784 990 1842; x_wconf 91' lang='lat' dir='ltr'>vita</span> <span class='ocrx_word' id='word_1_116' title='bbox 1009 1779 1213 1856; x_wconf 86' lang='lat' dir='ltr'>venerabilis,</span> <span class='ocrx_word' id='word_1_117' title='bbox 1228 1801 1298 1838; x_wconf 92' lang='lat' dir='ltr'>cum</span> 
     </span>
     <span class='ocr_line' id='line_1_17' title="bbox 251 1867 1301 1950; baseline 0.002 -25"><span class='ocrx_word' id='word_1_118' title='bbox 251 1867 382 1927; x_wconf 90' lang='lat' dir='ltr'>Platone</span> <span class='ocrx_word' id='word_1_119' title='bbox 399 1889 535 1950; x_wconf 88' lang='lat' dir='ltr'>semper,</span> <span class='ocrx_word' id='word_1_120' title='bbox 550 1891 621 1929; x_wconf 91' lang='lat' dir='ltr'>cum</span> <span class='ocrx_word' id='word_1_121' title='bbox 631 1871 819 1947; x_wconf 65' lang='lat' dir='ltr'>⁴Arist0tele,</span> <span class='ocrx_word' id='word_1_122' title='bbox 838 1892 909 1931; x_wconf 90' lang='lat' dir='ltr'>curn</span> <span class='ocrx_word' id='word_1_123' title='bbox 924 1869 1044 1945; x_wconf 88' lang='lat' dir='ltr'>Tullio,</span> <span class='ocrx_word' id='word_1_124' title='bbox 1060 1891 1131 1930; x_wconf 86' lang='lat' dir='ltr'>cum</span> <span class='ocrx_word' id='word_1_125' title='bbox 1146 1869 1301 1950; x_wconf 73' lang='lat' dir='ltr'>Virgilio,</span> 
     </span>
     <span class='ocr_line' id='line_1_18' title="bbox 251 1955 1299 2040; baseline 0 -26"><span class='ocrx_word' id='word_1_126' title='bbox 251 1956 429 2036; x_wconf 84' lang='lat' dir='ltr'>caeterisque</span> <span class='ocrx_word' id='word_1_127' title='bbox 444 1959 599 2016; x_wconf 89' lang='lat' dir='ltr'>veteribus</span> <span class='ocrx_word' id='word_1_128' title='bbox 613 1979 723 2038; x_wconf 84' lang='lat' dir='ltr'>agens,</span> <span class='ocrx_word' id='word_1_129' title='bbox 739 1959 852 2034; x_wconf 86' lang='lat' dir='ltr'>alium,</span> <span class='ocrx_word' id='word_1_130' title='bbox 865 1979 960 2040; x_wconf 86' lang='lat' dir='ltr'>quam</span> <span class='ocrx_word' id='word_1_131' title='bbox 974 1955 1169 2031; x_wconf 86' lang='lat' dir='ltr'>merebatur,</span> <span class='ocrx_word' id='word_1_132' title='bbox 1183 1960 1299 2016; x_wconf 83' lang='lat' dir='ltr'>exitum</span> 
     </span>
     <span class='ocr_line' id='line_1_19' title="bbox 249 2045 1302 2129; baseline 0.004 -28"><span class='ocrx_word' id='word_1_133' title='bbox 249 2063 358 2123; x_wconf 89' lang='lat' dir='ltr'>passus</span> <span class='ocrx_word' id='word_1_134' title='bbox 377 2058 430 2103; x_wconf 91' lang='lat' dir='ltr'>est.</span> <span class='ocrx_word' id='word_1_135' title='bbox 440 2072 453 2101; x_wconf 75' lang='lat' dir='ltr'>n</span> <span class='ocrx_word' id='word_1_136' title='bbox 470 2047 607 2106; x_wconf 86' lang='lat' dir='ltr'>Crinitus</span> <span class='ocrx_word' id='word_1_137' title='bbox 621 2045 677 2106; x_wconf 94' lang='lat' dir='ltr'>lib.</span> <span class='ocrx_word' id='word_1_138' title='bbox 688 2051 726 2122; x_wconf 89' lang='lat' dir='ltr'>V,</span> <span class='ocrx_word' id='word_1_139' title='bbox 739 2073 753 2102; x_wconf 78' lang='lat' dir='ltr'>e</span> <span class='ocrx_word' id='word_1_140' title='bbox 764 2050 824 2108; x_wconf 88' lang='lat' dir='ltr'>Pro</span> <span class='ocrx_word' id='word_1_141' title='bbox 840 2061 1002 2129; x_wconf 89' lang='lat' dir='ltr'>comperto</span> <span class='ocrx_word' id='word_1_142' title='bbox 1014 2048 1099 2128; x_wconf 88' lang='lat' dir='ltr'>apud</span> <span class='ocrx_word' id='word_1_143' title='bbox 1116 2067 1225 2108; x_wconf 87' lang='lat' dir='ltr'>omnes</span> <span class='ocrx_word' id='word_1_144' title='bbox 1240 2060 1302 2120; x_wconf 85' lang='lat' dir='ltr'>est,</span> 
     </span>
     <span class='ocr_line' id='line_1_20' title="bbox 250 2133 1300 2218; baseline 0 -27"><span class='ocrx_word' id='word_1_145' title='bbox 250 2134 284 2192; x_wconf 91' lang='lat' dir='ltr'>P.</span> <span class='ocrx_word' id='word_1_146' title='bbox 295 2133 462 2216; x_wconf 86' lang='lat' dir='ltr'>Virgilium</span> <span class='ocrx_word' id='word_1_147' title='bbox 484 2138 626 2194; x_wconf 89' lang='lat' dir='ltr'>omnium</span> <span class='ocrx_word' id='word_1_148' title='bbox 642 2135 905 2218; x_wconf 89' lang='lat' dir='ltr'>philosophorum</span> <span class='ocrx_word' id='word_1_149' title='bbox 920 2136 1040 2196; x_wconf 89' lang='lat' dir='ltr'>decreta</span> <span class='ocrx_word' id='word_1_150' title='bbox 1059 2148 1154 2216; x_wconf 89' lang='lat' dir='ltr'>atque</span> <span class='ocrx_word' id='word_1_151' title='bbox 1173 2135 1300 2216; x_wconf 91' lang='lat' dir='ltr'>opinio·</span> 
     </span>
     <span class='ocr_line' id='line_1_21' title="bbox 250 2222 1354 2308; baseline -0.002 -26"><span class='ocrx_word' id='word_1_152' title='bbox 250 2242 305 2283; x_wconf 88' lang='lat' dir='ltr'>nes</span> <span class='ocrx_word' id='word_1_153' title='bbox 321 2227 443 2305; x_wconf 87' lang='lat' dir='ltr'>egregie</span> <span class='ocrx_word' id='word_1_154' title='bbox 465 2225 628 2285; x_wconf 84' lang='lat' dir='ltr'>calluisse:</span> <span class='ocrx_word' id='word_1_155' title='bbox 644 2225 729 2306; x_wconf 89' lang='lat' dir='ltr'>quod</span> <span class='ocrx_word' id='word_1_156' title='bbox 745 2227 849 2308; x_wconf 89' lang='lat' dir='ltr'>ipsum</span> <span class='ocrx_word' id='word_1_157' title='bbox 867 2247 965 2307; x_wconf 92' lang='lat' dir='ltr'>quum</span> <span class='ocrx_word' id='word_1_158' title='bbox 977 2223 1054 2287; x_wconf 88' lang='lat' dir='ltr'>locis</span> <span class='ocrx_word' id='word_1_159' title='bbox 1068 2223 1174 2285; x_wconf 87' lang='lat' dir='ltr'>multis</span> <span class='ocrx_word' id='word_1_160' title='bbox 1187 2222 1299 2304; x_wconf 88' lang='lat' dir='ltr'>proba·</span> <span class='ocrx_word' id='word_1_161' title='bbox 1353 2253 1354 2273; x_wconf 57' lang='lat' dir='ltr'>i</span> 
     </span>
     <span class='ocr_line' id='line_1_22' title="bbox 250 2311 1301 2394; baseline 0.001 -26"><span class='ocrx_word' id='word_1_162' title='bbox 250 2311 312 2387; x_wconf 85' lang='lat' dir='ltr'>vit,</span> <span class='ocrx_word' id='word_1_163' title='bbox 327 2323 392 2370; x_wconf 90' lang='lat' dir='ltr'>tum</span> <span class='ocrx_word' id='word_1_164' title='bbox 406 2313 437 2370; x_wconf 86' lang='lat' dir='ltr'>in</span> <span class='ocrx_word' id='word_1_165' title='bbox 453 2312 535 2372; x_wconf 91' lang='lat' dir='ltr'>libro</span> <span class='ocrx_word' id='word_1_166' title='bbox 550 2314 686 2372; x_wconf 84' lang='lat' dir='ltr'>maxime</span> <span class='ocrx_word' id='word_1_167' title='bbox 700 2312 819 2372; x_wconf 87' lang='lat' dir='ltr'>AEneid.</span> <span class='ocrx_word' id='word_1_168' title='bbox 832 2313 872 2374; x_wconf 88' lang='lat' dir='ltr'>Vl</span> <span class='ocrx_word' id='word_1_169' title='bbox 882 2358 890 2389; x_wconf 86' lang='lat'><strong>‚</strong></span> <span class='ocrx_word' id='word_1_170' title='bbox 901 2315 935 2372; x_wconf 90' lang='lat' dir='ltr'>in</span> <span class='ocrx_word' id='word_1_171' title='bbox 950 2334 1012 2394; x_wconf 91' lang='lat' dir='ltr'>quo</span> <span class='ocrx_word' id='word_1_172' title='bbox 1025 2313 1100 2372; x_wconf 88' lang='lat' dir='ltr'>satis</span> <span class='ocrx_word' id='word_1_173' title='bbox 1114 2311 1301 2392; x_wconf 82' lang='lat' dir='ltr'>abundeque</span> 
     </span>
    </p>

    <p class='ocr_par' dir='ltr' id='par_1_6' title="bbox 191 2393 1353 3020">
     <span class='ocr_line' id='line_1_23' title="bbox 191 2393 1300 2483; baseline 0 -25"><span class='ocrx_word' id='word_1_174' title='bbox 191 2409 192 2413; x_wconf 77' lang='grc'>’</span> <span class='ocrx_word' id='word_1_175' title='bbox 251 2400 375 2461; x_wconf 86' lang='lat' dir='ltr'>videtur</span> <span class='ocrx_word' id='word_1_176' title='bbox 392 2405 567 2478; x_wconf 87' lang='lat' dir='ltr'>asseruisse,</span> <span class='ocrx_word' id='word_1_177' title='bbox 582 2416 735 2483; x_wconf 90' lang='lat' dir='ltr'>quantum</span> <span class='ocrx_word' id='word_1_178' title='bbox 752 2401 895 2464; x_wconf 87' lang='lat' dir='ltr'>videlicet</span> <span class='ocrx_word' id='word_1_179' title='bbox 908 2401 1062 2464; x_wconf 87' lang='lat' dir='ltr'>humanas</span> <span class='ocrx_word' id='word_1_180' title='bbox 1078 2393 1189 2462; x_wconf 75' lang='lat' dir='ltr'>omnes</span> <span class='ocrx_word' id='word_1_181' title='bbox 1208 2414 1300 2480; x_wconf 86' lang='lat' dir='ltr'>atque</span> 
     </span>
     <span class='ocr_line' id='line_1_24' title="bbox 252 2489 1353 2574; baseline -0.004 -25"><span class='ocrx_word' id='word_1_182' title='bbox 252 2489 372 2552; x_wconf 88' lang='lat' dir='ltr'>divinas</span> <span class='ocrx_word' id='word_1_183' title='bbox 400 2491 578 2574; x_wconf 86' lang='lat' dir='ltr'>disciplinas</span> <span class='ocrx_word' id='word_1_184' title='bbox 601 2492 782 2552; x_wconf 68' lang='lat' dir='ltr'>didiceritis</span> <span class='ocrx_word' id='word_1_185' title='bbox 800 2494 959 2552; x_wconf 85' lang='lat' dir='ltr'>Viresius:</span> <span class='ocrx_word' id='word_1_186' title='bbox 982 2494 1129 2553; x_wconf 61' lang='lat' dir='ltr'>“somme</span> <span class='ocrx_word' id='word_1_187' title='bbox 1153 2491 1302 2551; x_wconf 90' lang='lat' dir='ltr'>omnibus</span> <span class='ocrx_word' id='word_1_188' title='bbox 1352 2535 1353 2545; x_wconf 73' lang='lat'>.</span> 
     </span>
     <span class='ocr_line' id='line_1_25' title="bbox 252 2577 1301 2663; baseline -0.001 -27"><span class='ocrx_word' id='word_1_189' title='bbox 252 2577 461 2663; x_wconf 74' lang='lat' dir='ltr'>philosophiae</span> <span class='ocrx_word' id='word_1_190' title='bbox 473 2583 609 2642; x_wconf 86' lang='lat' dir='ltr'>numeris</span> <span class='ocrx_word' id='word_1_191' title='bbox 621 2583 792 2643; x_wconf 87' lang='lat' dir='ltr'>absolutus.</span> <span class='ocrx_word' id='word_1_192' title='bbox 805 2605 818 2636; x_wconf 75' lang='lat' dir='ltr'>s</span> <span class='ocrx_word' id='word_1_193' title='bbox 831 2581 974 2662; x_wconf 77' lang='lat' dir='ltr'>Scaliger,</span> <span class='ocrx_word' id='word_1_194' title='bbox 986 2601 1077 2663; x_wconf 88' lang='lat' dir='ltr'>quem</span> <span class='ocrx_word' id='word_1_195' title='bbox 1090 2582 1123 2639; x_wconf 91' lang='lat' dir='ltr'>in</span> <span class='ocrx_word' id='word_1_196' title='bbox 1133 2600 1167 2640; x_wconf 86' lang='lat' dir='ltr'>re</span> <span class='ocrx_word' id='word_1_197' title='bbox 1176 2578 1301 2659; x_wconf 87' lang='lat' dir='ltr'>Virgilii</span> 
     </span>
     <span class='ocr_line' id='line_1_26' title="bbox 251 2667 1301 2752; baseline -0.002 -26"><span class='ocrx_word' id='word_1_198' title='bbox 251 2667 336 2728; x_wconf 88' lang='lat' dir='ltr'>nefas</span> <span class='ocrx_word' id='word_1_199' title='bbox 350 2683 394 2728; x_wconf 90' lang='lat' dir='ltr'>est</span> <span class='ocrx_word' id='word_1_200' title='bbox 406 2673 582 2750; x_wconf 75' lang='lat' dir='ltr'>praeterire:</span> <span class='ocrx_word' id='word_1_201' title='bbox 597 2695 611 2726; x_wconf 81' lang='lat' dir='ltr'><em>u</em></span> <span class='ocrx_word' id='word_1_202' title='bbox 621 2674 666 2732; x_wconf 82' lang='lat' dir='ltr'>Ex</span> <span class='ocrx_word' id='word_1_203' title='bbox 676 2669 888 2752; x_wconf 69' lang='lat' dir='ltr'>,philosophia</span> <span class='ocrx_word' id='word_1_204' title='bbox 900 2673 1029 2732; x_wconf 86' lang='lat' dir='ltr'>veritate</span> <span class='ocrx_word' id='word_1_205' title='bbox 1043 2669 1168 2734; x_wconf 87' lang='lat' dir='ltr'>locutus</span> <span class='ocrx_word' id='word_1_206' title='bbox 1181 2681 1245 2728; x_wconf 88' lang='lat' dir='ltr'>est:</span> <span class='ocrx_word' id='word_1_207' title='bbox 1261 2679 1301 2726; x_wconf 88' lang='lat' dir='ltr'>est</span> 
     </span>
     <span class='ocr_line' id='line_1_27' title="bbox 253 2755 1352 2842; baseline -0.003 -24"><span class='ocrx_word' id='word_1_208' title='bbox 253 2759 390 2838; x_wconf 85' lang='lat' dir='ltr'>optimus</span> <span class='ocrx_word' id='word_1_209' title='bbox 406 2757 630 2840; x_wconf 85' lang='lat' dir='ltr'>philosophus:</span> <span class='ocrx_word' id='word_1_210' title='bbox 643 2783 713 2823; x_wconf 90' lang='lat' dir='ltr'>cum</span> <span class='ocrx_word' id='word_1_211' title='bbox 728 2763 815 2842; x_wconf 82' lang='lat' dir='ltr'>poesi</span> <span class='ocrx_word' id='word_1_212' title='bbox 828 2759 972 2841; x_wconf 82' lang='lat' dir='ltr'>adjungit</span> <span class='ocrx_word' id='word_1_213' title='bbox 983 2755 1238 2841; x_wconf 84' lang='lat' dir='ltr'>philosophiam:</span> <span class='ocrx_word' id='word_1_214' title='bbox 1251 2776 1301 2816; x_wconf 86' lang='lat' dir='ltr'>ex·</span> <span class='ocrx_word' id='word_1_215' title='bbox 1351 2781 1352 2810; x_wconf 65' lang='grc' dir='ltr'>ι</span> 
     </span>
     <span class='ocr_line' id='line_1_28' title="bbox 254 2842 1303 2930; baseline -0.007 -21"><span class='ocrx_word' id='word_1_216' title='bbox 254 2849 331 2909; x_wconf 88' lang='lat' dir='ltr'>cutit</span> <span class='ocrx_word' id='word_1_217' title='bbox 352 2849 400 2907; x_wconf 89' lang='lat' dir='ltr'>vir</span> <span class='ocrx_word' id='word_1_218' title='bbox 421 2847 614 2910; x_wconf 86' lang='lat' dir='ltr'>admirabilis</span> <span class='ocrx_word' id='word_1_219' title='bbox 637 2847 847 2930; x_wconf 70' lang='lat' dir='ltr'>philosophie</span> <span class='ocrx_word' id='word_1_220' title='bbox 871 2867 1012 2929; x_wconf 70' lang='lat' dir='ltr'>penumr</span> <span class='ocrx_word' id='word_1_221' title='bbox 1034 2847 1136 2912; x_wconf 67' lang='lat' dir='ltr'>buum</span> <span class='ocrx_word' id='word_1_222' title='bbox 1162 2842 1303 2926; x_wconf 85' lang='lat' dir='ltr'>pbiloso-</span> 
     </span>
     <span class='ocr_line' id='line_1_29' title="bbox 251 2935 1007 3020; baseline 0 -24"><span class='ocrx_word' id='word_1_223' title='bbox 251 2935 347 3020; x_wconf 88' lang='lat' dir='ltr'>phus,</span> <span class='ocrx_word' id='word_1_224' title='bbox 361 2936 503 3020; x_wconf 90' lang='lat' dir='ltr'>loquitur</span> <span class='ocrx_word' id='word_1_225' title='bbox 518 2959 554 2996; x_wconf 86' lang='lat' dir='ltr'>ex</span> <span class='ocrx_word' id='word_1_226' title='bbox 568 2938 666 3017; x_wconf 80' lang='lat' dir='ltr'>adytis</span> <span class='ocrx_word' id='word_1_227' title='bbox 680 2935 915 3020; x_wconf 80' lang='lat' dir='ltr'>Metaphysicae.</span> <span class='ocrx_word' id='word_1_228' title='bbox 926 2961 939 2992; x_wconf 75' lang='lat' dir='ltr'>s</span> <span class='ocrx_word' id='word_1_229' title='bbox 1005 2991 1007 2996; x_wconf 92' lang='lat'>.</span> 
     </span>
    </p>

    <p class='ocr_par' dir='ltr' id='par_1_7' title="bbox 252 3024 1351 4086">
     <span class='ocr_line' id='line_1_30' title="bbox 293 3024 1351 3108; baseline -0.009 -19"><span class='ocrx_word' id='word_1_230' title='bbox 293 3027 404 3089; x_wconf 90' lang='lat' dir='ltr'>Vidisti</span> <span class='ocrx_word' id='word_1_231' title='bbox 420 3047 578 3108; x_wconf 73' lang='lat' dir='ltr'>praecones</span> <span class='ocrx_word' id='word_1_232' title='bbox 589 3027 771 3107; x_wconf 84' lang='lat' dir='ltr'>Virgilianae</span> <span class='ocrx_word' id='word_1_233' title='bbox 784 3024 993 3108; x_wconf 80' lang='lat' dir='ltr'>philosophiae</span> <span class='ocrx_word' id='word_1_234' title='bbox 1006 3025 1040 3084; x_wconf 89' lang='lat' dir='ltr'>in</span> <span class='ocrx_word' id='word_1_235' title='bbox 1051 3025 1231 3082; x_wconf 87' lang='lat' dir='ltr'>communi:</span> <span class='ocrx_word' id='word_1_236' title='bbox 1247 3040 1302 3100; x_wconf 83' lang='lat' dir='ltr'>age</span> <span class='ocrx_word' id='word_1_237' title='bbox 1350 3071 1351 3080; x_wconf 70' lang='grc'>,</span> 
     </span>
     <span class='ocr_line' id='line_1_31' title="bbox 252 3110 1305 3198; baseline -0.009 -22"><span class='ocrx_word' id='word_1_238' title='bbox 252 3137 345 3190; x_wconf 79' lang='lat' dir='ltr'>vero,</span> <span class='ocrx_word' id='word_1_239' title='bbox 358 3117 469 3198; x_wconf 90' lang='lat' dir='ltr'>quibus</span> <span class='ocrx_word' id='word_1_240' title='bbox 482 3113 679 3198; x_wconf 87' lang='lat' dir='ltr'>philosophis</span> <span class='ocrx_word' id='word_1_241' title='bbox 694 3117 897 3197; x_wconf 85' lang='lat' dir='ltr'>peculiariter</span> <span class='ocrx_word' id='word_1_242' title='bbox 908 3114 1029 3177; x_wconf 86' lang='lat' dir='ltr'>deditus</span> <span class='ocrx_word' id='word_1_243' title='bbox 1041 3112 1155 3180; x_wconf 81' lang='lat' dir='ltr'>luerit:</span> <span class='ocrx_word' id='word_1_244' title='bbox 1169 3110 1305 3173; x_wconf 83' lang='lat' dir='ltr'>fuitver-</span> 
     </span>
     <span class='ocr_line' id='line_1_32' title="bbox 255 3203 1350 3281; baseline -0.007 -17"><span class='ocrx_word' id='word_1_245' title='bbox 255 3207 426 3265; x_wconf 89' lang='lat' dir='ltr'>satissimus</span> <span class='ocrx_word' id='word_1_246' title='bbox 444 3207 478 3264; x_wconf 94' lang='lat' dir='ltr'>in</span> <span class='ocrx_word' id='word_1_247' title='bbox 492 3203 671 3279; x_wconf 81' lang='lat' dir='ltr'>Aristotele,</span> <span class='ocrx_word' id='word_1_248' title='bbox 686 3217 721 3262; x_wconf 90' lang='lat' dir='ltr'>ut</span> <span class='ocrx_word' id='word_1_249' title='bbox 736 3206 809 3266; x_wconf 88' lang='lat' dir='ltr'>satis</span> <span class='ocrx_word' id='word_1_250' title='bbox 827 3203 969 3266; x_wconf 87' lang='lat' dir='ltr'>indicant</span> <span class='ocrx_word' id='word_1_251' title='bbox 981 3203 1178 3281; x_wconf 82' lang='lat' dir='ltr'>interpretes,</span> <span class='ocrx_word' id='word_1_252' title='bbox 1194 3210 1224 3256; x_wconf 91' lang='lat' dir='ltr'>et</span> <span class='ocrx_word' id='word_1_253' title='bbox 1238 3217 1302 3256; x_wconf 90' lang='lat' dir='ltr'>om·</span> <span class='ocrx_word' id='word_1_254' title='bbox 1349 3213 1350 3256; x_wconf 69' lang='lat'>1</span> 
     </span>
     <span class='ocr_line' id='line_1_33' title="bbox 254 3287 1303 3376; baseline -0.008 -24"><span class='ocrx_word' id='word_1_255' title='bbox 254 3296 360 3366; x_wconf 86' lang='lat' dir='ltr'>nium,</span> <span class='ocrx_word' id='word_1_256' title='bbox 374 3293 480 3370; x_wconf 81' lang='lat' dir='ltr'>credo,</span> <span class='ocrx_word' id='word_1_257' title='bbox 498 3315 554 3376; x_wconf 87' lang='lat' dir='ltr'>ego</span> <span class='ocrx_word' id='word_1_258' title='bbox 570 3292 734 3354; x_wconf 87' lang='lat' dir='ltr'>latissime:</span> <span class='ocrx_word' id='word_1_259' title='bbox 750 3315 824 3353; x_wconf 88' lang='lat' dir='ltr'>nam</span> <span class='ocrx_word' id='word_1_260' title='bbox 840 3296 892 3353; x_wconf 85' lang='lat' dir='ltr'>vix</span> <span class='ocrx_word' id='word_1_261' title='bbox 905 3292 1024 3366; x_wconf 87' lang='lat' dir='ltr'>credas,</span> <span class='ocrx_word' id='word_1_262' title='bbox 1042 3311 1112 3370; x_wconf 77' lang='lat' dir='ltr'>quse</span> <span class='ocrx_word' id='word_1_263' title='bbox 1124 3289 1163 3348; x_wconf 92' lang='lat' dir='ltr'>ab</span> <span class='ocrx_word' id='word_1_264' title='bbox 1180 3308 1217 3348; x_wconf 89' lang='lat' dir='ltr'>eo</span> <span class='ocrx_word' id='word_1_265' title='bbox 1232 3287 1303 3346; x_wconf 91' lang='lat' dir='ltr'>loca</span> 
     </span>
     <span class='ocr_line' id='line_1_34' title="bbox 256 3375 1303 3464; baseline -0.009 -22"><span class='ocrx_word' id='word_1_266' title='bbox 256 3382 385 3461; x_wconf 85' lang='lat' dir='ltr'>accepit,</span> <span class='ocrx_word' id='word_1_267' title='bbox 397 3385 572 3462; x_wconf 86' lang='lat' dir='ltr'>praesertim</span> <span class='ocrx_word' id='word_1_268' title='bbox 581 3383 638 3443; x_wconf 90' lang='lat' dir='ltr'>lib.</span> <span class='ocrx_word' id='word_1_269' title='bbox 647 3385 689 3444; x_wconf 94' lang='lat' dir='ltr'>lV</span> <span class='ocrx_word' id='word_1_270' title='bbox 699 3384 812 3464; x_wconf 86' lang='lat' dir='ltr'>Georg.</span> <span class='ocrx_word' id='word_1_271' title='bbox 826 3382 929 3442; x_wconf 88' lang='lat' dir='ltr'>hausit</span> <span class='ocrx_word' id='word_1_272' title='bbox 940 3385 1095 3460; x_wconf 87' lang='lat' dir='ltr'>integrum</span> <span class='ocrx_word' id='word_1_273' title='bbox 1106 3381 1132 3436; x_wconf 84' lang='lat' dir='ltr'>T</span> <span class='ocrx_word' id='word_1_274' title='bbox 1133 3375 1303 3457; x_wconf 87' lang='lat' dir='ltr'>heophras·</span> 
     </span>
     <span class='ocr_line' id='line_1_35' title="bbox 255 3465 1349 3555; baseline -0.006 -25"><span class='ocrx_word' id='word_1_275' title='bbox 255 3483 323 3530; x_wconf 91' lang='lat' dir='ltr'>tum</span> <span class='ocrx_word' id='word_1_276' title='bbox 335 3471 509 3532; x_wconf 80' lang='lat' dir='ltr'>Aristotelis</span> <span class='ocrx_word' id='word_1_277' title='bbox 521 3475 621 3555; x_wconf 92' lang='lat' dir='ltr'>ipsius</span> <span class='ocrx_word' id='word_1_278' title='bbox 634 3473 838 3554; x_wconf 90' lang='lat' dir='ltr'>discipulum,</span> <span class='ocrx_word' id='word_1_279' title='bbox 852 3488 887 3532; x_wconf 88' lang='lat' dir='ltr'>ut</span> <span class='ocrx_word' id='word_1_280' title='bbox 898 3472 1019 3554; x_wconf 89' lang='lat' dir='ltr'>liquido</span> <span class='ocrx_word' id='word_1_281' title='bbox 1035 3481 1162 3550; x_wconf 86' lang='lat' dir='ltr'>apparet</span> <span class='ocrx_word' id='word_1_282' title='bbox 1176 3465 1233 3525; x_wconf 91' lang='lat' dir='ltr'>lib.</span> <span class='ocrx_word' id='word_1_283' title='bbox 1249 3468 1260 3525; x_wconf 99' lang='lat' dir='ltr'>l</span> <span class='ocrx_word' id='word_1_284' title='bbox 1275 3477 1303 3524; x_wconf 85' lang='lat' dir='ltr'>et</span> <span class='ocrx_word' id='word_1_285' title='bbox 1348 3531 1349 3540; x_wconf 67' lang='lat'>.</span> 
     </span>
     <span class='ocr_line' id='line_1_36' title="bbox 253 3551 1349 3638; baseline -0.008 -19"><span class='ocrx_word' id='word_1_286' title='bbox 253 3555 284 3619; x_wconf 94' lang='lat' dir='ltr'>ll</span> <span class='ocrx_word' id='word_1_287' title='bbox 298 3561 411 3638; x_wconf 82' lang='lat' dir='ltr'>Georg.</span> <span class='ocrx_word' id='word_1_288' title='bbox 428 3557 551 3618; x_wconf 88' lang='lat' dir='ltr'>deditus</span> <span class='ocrx_word' id='word_1_289' title='bbox 573 3560 633 3620; x_wconf 89' lang='lat' dir='ltr'>fuit</span> <span class='ocrx_word' id='word_1_290' title='bbox 653 3561 746 3620; x_wconf 87' lang='lat' dir='ltr'>variis</span> <span class='ocrx_word' id='word_1_291' title='bbox 764 3563 871 3621; x_wconf 90' lang='lat' dir='ltr'>sectis:</span> <span class='ocrx_word' id='word_1_292' title='bbox 886 3582 960 3620; x_wconf 92' lang='lat' dir='ltr'>nam</span> <span class='ocrx_word' id='word_1_293' title='bbox 975 3558 1013 3618; x_wconf 91' lang='lat' dir='ltr'>de</span> <span class='ocrx_word' id='word_1_294' title='bbox 1028 3557 1171 3617; x_wconf 86' lang='lat' dir='ltr'>doctrina</span> <span class='ocrx_word' id='word_1_295' title='bbox 1187 3551 1303 3633; x_wconf 76' lang='lat' dir='ltr'>Pytha·</span> <span class='ocrx_word' id='word_1_296' title='bbox 1348 3557 1349 3631; x_wconf 73' lang='lat' dir='ltr'>l</span> 
     </span>
     <span class='ocr_line' id='line_1_37' title="bbox 258 3642 1348 3729; baseline -0.009 -22"><span class='ocrx_word' id='word_1_297' title='bbox 258 3667 423 3729; x_wconf 85' lang='lat' dir='ltr'>goreorum</span> <span class='ocrx_word' id='word_1_298' title='bbox 437 3646 560 3708; x_wconf 85' lang='lat' dir='ltr'>abunde</span> <span class='ocrx_word' id='word_1_299' title='bbox 572 3648 664 3710; x_wconf 90' lang='lat' dir='ltr'>docet</span> <span class='ocrx_word' id='word_1_300' title='bbox 675 3650 729 3710; x_wconf 92' lang='lat' dir='ltr'>lib.</span> <span class='ocrx_word' id='word_1_301' title='bbox 739 3651 779 3710; x_wconf 90' lang='lat' dir='ltr'>Vl</span> <span class='ocrx_word' id='word_1_302' title='bbox 793 3651 912 3716; x_wconf 83' lang='lat' dir='ltr'>AEneid.</span> <span class='ocrx_word' id='word_1_303' title='bbox 923 3649 978 3712; x_wconf 89' lang='lat' dir='ltr'>ubi</span> <span class='ocrx_word' id='word_1_304' title='bbox 988 3647 1027 3706; x_wconf 91' lang='lat' dir='ltr'>de</span> <span class='ocrx_word' id='word_1_305' title='bbox 1043 3646 1226 3706; x_wconf 90' lang='lat' dir='ltr'>transitione</span> <span class='ocrx_word' id='word_1_306' title='bbox 1241 3642 1306 3700; x_wconf 88' lang='lat' dir='ltr'>ani·</span> <span class='ocrx_word' id='word_1_307' title='bbox 1347 3687 1348 3698; x_wconf 67' lang='lat'>.</span> 
     </span>
     <span class='ocr_line' id='line_1_38' title="bbox 256 3728 1304 3818; baseline -0.008 -24"><span class='ocrx_word' id='word_1_308' title='bbox 256 3755 381 3795; x_wconf 88' lang='lat' dir='ltr'>marum</span> <span class='ocrx_word' id='word_1_309' title='bbox 395 3736 428 3793; x_wconf 91' lang='lat' dir='ltr'>in</span> <span class='ocrx_word' id='word_1_310' title='bbox 443 3736 505 3796; x_wconf 91' lang='lat' dir='ltr'>alia</span> <span class='ocrx_word' id='word_1_311' title='bbox 518 3758 665 3818; x_wconf 89' lang='lat' dir='ltr'>corpora:</span> <span class='ocrx_word' id='word_1_312' title='bbox 680 3737 890 3816; x_wconf 88' lang='lat' dir='ltr'>admonetque</span> <span class='ocrx_word' id='word_1_313' title='bbox 904 3736 965 3796; x_wconf 93' lang='lat' dir='ltr'>hoc</span> <span class='ocrx_word' id='word_1_314' title='bbox 985 3736 1067 3794; x_wconf 86' lang='lat' dir='ltr'>Serv.</span> <span class='ocrx_word' id='word_1_315' title='bbox 1087 3734 1120 3791; x_wconf 90' lang='lat' dir='ltr'>in</span> <span class='ocrx_word' id='word_1_316' title='bbox 1138 3731 1157 3789; x_wconf 83' lang='lat'>8</span> <span class='ocrx_word' id='word_1_317' title='bbox 1172 3729 1238 3788; x_wconf 87' lang='lat' dir='ltr'>Ecl.</span> <span class='ocrx_word' id='word_1_318' title='bbox 1257 3728 1304 3786; x_wconf 89' lang='lat' dir='ltr'>ln·</span> 
     </span>
     <span class='ocr_line' id='line_1_39' title="bbox 258 3819 1306 3908; baseline -0.009 -24"><span class='ocrx_word' id='word_1_319' title='bbox 258 3826 337 3884; x_wconf 86' lang='lat' dir='ltr'>sistit</span> <span class='ocrx_word' id='word_1_320' title='bbox 351 3839 445 3886; x_wconf 69' lang='lat' dir='ltr'>,sectae</span> <span class='ocrx_word' id='word_1_321' title='bbox 464 3828 688 3908; x_wconf 87' lang='lat' dir='ltr'>Epicureorum</span> <span class='ocrx_word' id='word_1_322' title='bbox 711 3829 743 3888; x_wconf 89' lang='lat' dir='ltr'>in</span> <span class='ocrx_word' id='word_1_323' title='bbox 766 3825 979 3890; x_wconf 87' lang='lat' dir='ltr'>describendis</span> <span class='ocrx_word' id='word_1_324' title='bbox 997 3835 1102 3886; x_wconf 85' lang='lat' dir='ltr'>rerum</span> <span class='ocrx_word' id='word_1_325' title='bbox 1123 3819 1306 3902; x_wconf 83' lang='lat' dir='ltr'>principiis,</span> 
     </span>
     <span class='ocr_line' id='line_1_40' title="bbox 259 3909 1347 3995; baseline -0.009 -23"><span class='ocrx_word' id='word_1_326' title='bbox 259 3913 344 3995; x_wconf 88' lang='lat' dir='ltr'>quod</span> <span class='ocrx_word' id='word_1_327' title='bbox 366 3915 487 3976; x_wconf 91' lang='lat' dir='ltr'>Servius</span> <span class='ocrx_word' id='word_1_328' title='bbox 508 3916 615 3980; x_wconf 87' lang='lat' dir='ltr'>scribit</span> <span class='ocrx_word' id='word_1_329' title='bbox 636 3920 668 3977; x_wconf 91' lang='lat' dir='ltr'>in</span> <span class='ocrx_word' id='word_1_330' title='bbox 686 3919 728 3977; x_wconf 91' lang='lat' dir='ltr'>Vl</span> <span class='ocrx_word' id='word_1_331' title='bbox 747 3916 811 3976; x_wconf 87' lang='lat' dir='ltr'>Ecl.</span> <span class='ocrx_word' id='word_1_332' title='bbox 834 3916 884 3976; x_wconf 88' lang='lat' dir='ltr'>sed</span> <span class='ocrx_word' id='word_1_333' title='bbox 905 3917 1023 3975; x_wconf 90' lang='lat' dir='ltr'>nullam</span> <span class='ocrx_word' id='word_1_334' title='bbox 1042 3912 1142 3992; x_wconf 82' lang='lat' dir='ltr'>magis</span> <span class='ocrx_word' id='word_1_335' title='bbox 1168 3922 1304 3979; x_wconf 91' lang='lat' dir='ltr'>sectam,</span> <span class='ocrx_word' id='word_1_336' title='bbox 1346 3909 1347 3962; x_wconf 85' lang='lat' dir='ltr'>l</span> 
     </span>
     <span class='ocr_line' id='line_1_41' title="bbox 260 3996 1305 4086; baseline -0.004 -28"><span class='ocrx_word' id='word_1_337' title='bbox 260 4019 354 4086; x_wconf 85' lang='lat' dir='ltr'>quam</span> <span class='ocrx_word' id='word_1_338' title='bbox 365 4000 562 4064; x_wconf 87' lang='lat' dir='ltr'>Platonicam</span> <span class='ocrx_word' id='word_1_339' title='bbox 574 4005 687 4081; x_wconf 90' lang='lat' dir='ltr'>coluit,</span> <span class='ocrx_word' id='word_1_340' title='bbox 700 4022 734 4066; x_wconf 89' lang='lat' dir='ltr'>ut</span> <span class='ocrx_word' id='word_1_341' title='bbox 749 4005 845 4066; x_wconf 85' lang='lat' dir='ltr'>ferme</span> <span class='ocrx_word' id='word_1_342' title='bbox 856 4027 873 4066; x_wconf 82' lang='lat' dir='ltr'>a</span> <span class='ocrx_word' id='word_1_343' title='bbox 890 4003 987 4066; x_wconf 86' lang='lat' dir='ltr'>doctis</span> <span class='ocrx_word' id='word_1_344' title='bbox 1000 4001 1147 4064; x_wconf 88' lang='lat' dir='ltr'>omnibus</span> <span class='ocrx_word' id='word_1_345' title='bbox 1162 3996 1258 4058; x_wconf 86' lang='lat' dir='ltr'>fiebat</span> <span class='ocrx_word' id='word_1_346' title='bbox 1269 4016 1305 4054; x_wconf 88' lang='lat' dir='ltr'>eo</span> 
     </span>
    </p>
   </div>
   <div class='ocr_carea' id='block_1_5' title="bbox 0 0 1386 4592">
    <p class='ocr_par' dir='ltr' id='par_1_8' title="bbox 0 0 1386 4592">
     <span class='ocr_line' id='line_1_42' title="bbox 0 0 1386 4592; baseline 0 0"><span class='ocrx_word' id='word_1_347' title='bbox 0 0 1386 4592; x_wconf 95' lang='lat' dir='ltr'> </span> 
     </span>
    </p>
   </div>
  </div>
 </body>
</html>
