2726 4592
508 289 717 356 LAUDES.
788 361 790 366 ,
1027 335 1036 351 ·
1070 293 1133 358 363

84 416 154 490 tia,
167 427 198 475 et
211 413 373 477 literarum
387 412 516 494 peritus,
529 433 622 494 nemo
637 412 814 474 divmarum
832 427 862 474 et
874 435 967 479 sacrae
984 414 1134 476 doctrinae

84 506 244 586 prudens,
261 525 356 586 quam
373 503 472 562 Graeci
491 515 605 562 vocant
623 508 774 582 θεολογίαν,
787 506 839 584 qui
855 526 921 566 non
938 506 984 566 vel
1001 507 1136 573 maxima

85 611 154 651 suae
173 594 248 652 artis
261 605 354 672 atque
369 591 505 650 scientIae
519 604 722 650 monumenta
735 592 770 650 in
784 589 877 671 hujus
893 606 990 673 poetae
1004 593 1137 654 lectione

84 681 239 760 reperiat,
254 682 277 740 si
293 677 389 760 paulo
407 679 554 738 attentius
571 678 713 760 legerit.»
728 679 772 736 Ex
789 678 847 738 bac
864 683 978 740 artium
994 682 1138 740 omnIum

84 771 202 849 peritia
211 771 348 844 Iactum,
359 783 396 828 ut
407 768 530 828 Plinius
542 765 598 826 lib.
609 768 813 848 l,VirgiIIum
824 784 965 830 numeret
977 772 1058 832 inter
1068 791 1139 830 auc·

86 869 163 917 tores
180 857 370 930 clarissimos·
391 873 422 916 et
434 857 488 916 lib.
501 857 628 916 XXXIII
644 859 723 918 inter
735 872 863 918 auctores
879 857 1092 919 celeberrimos:
1110 872 1140 918 et

86 967 200 1007 omnes
212 958 391 1030 nuncupent
399 945 595 1007 doctissimum
603 991 612 1019 ‚
621 943 863 1008 absolutissimum
870 994 879 1022 ,
885 949 1138 1032 perfectissimum,

87 1034 362 1095 cumulatissimum.
381 1037 497 1094 Auctor
515 1055 642 1115 quoque
663 1032 727 1114 ejus
746 1037 818 1096 vitae
840 1037 899 1109 ait,
916 1035 1084 1118 Virgilium
1105 1037 1139 1100 in

87 1124 176 1180 omni
193 1143 305 1205 genere
319 1123 529 1204 praevaluisse.

129 1211 202 1270 Dixi
215 1210 325 1293 Elogia
337 1213 492 1271 variarum
509 1213 622 1270 artium
637 1212 767 1270 strictim
777 1234 784 1283 3
796 1211 909 1294 loquar
920 1213 1013 1272 latins
1027 1211 1065 1270 de
1077 1209 1140 1272 elo·

87 1305 218 1382 quentia
238 1317 269 1363 et
288 1301 459 1377 rhetorica3
483 1295 549 1378 turn
565 1317 692 1384 propter
706 1305 781 1362 artis
799 1302 892 1384 hujus
911 1304 1140 1386 prestantium,

88 1403 159 1451 tum
173 1394 264 1452 etiarn
278 1406 407 1476 propter
419 1394 687 1476 comparationem
699 1391 821 1474 Virgilii
834 1414 907 1476 cum
919 1395 1061 1475 principe
1073 1412 1141 1452 ora·

92 1493 199 1540 torum
209 1480 323 1543 Tullio.

142 1633 272 1674 monta
295 1635 509 1676 RHETORICAE
530 1633 572 1672 ΕΤ
592 1634 831 1688 emortuum
852 1633 1091 1675 vluorntnum.

131 1743 234 1826 Elogii
249 1745 342 1827 hujus
360 1750 557 1808 encomiastae
571 1749 677 1830 magni
694 1762 766 1808 sunt
781 1771 788 1807 ι
808 1771 881 1808 nam
894 1747 1030 1826 Quintil.
1043 1747 1098 1808 lib.
1112 1745 1143 1822 I,

92 1848 187 1893 vocat
202 1835 370 1917 Virgilium
389 1855 536 1897 summum
558 1840 589 1896 in
614 1836 777 1918 eloquentia
795 1839 900 1897 virum.
925 1837 1054 1918 August,
1074 1835 1096 1894 l.
1115 1837 1143 1894 X

93 1919 161 1981 Civ.
182 1921 244 1983 boc
265 1927 426 2005 praeconio
442 1927 571 2008 insignit
588 1926 768 2000 Maronem3
790 1925 874 1986 latini
894 1924 1001 2008 eloquii
1022 1945 1163 2008 mugnus¹

91 2023 204 2070 auctor.
220 2013 402 2096 Hieronym.
418 2017 517 2096 Epist.
536 2036 591 2095 129
604 2013 643 2074 ad
657 2015 839 2074 Dardanum
852 2038 858 2074 :
870 2029 956 2097 poeta
968 2011 1147 2094 eloquentis-

93 2102 192 2160 tintus.
205 2101 342 2162 Macrob.
359 2103 414 2164 lib.
423 2105 460 2180 V,
471 2107 514 2164 ita
529 2109 588 2164 ait:
603 2131 616 2160 ιι
628 2104 791 2185 posthaec,
806 2126 903 2185 quum
915 2103 1077 2186 paulisper
1087 2101 1147 2160 Eu·

93 2186 200 2247 sebius
222 2193 403 2271 quievisset,
423 2214 531 2252 omnes
554 2195 634 2251 inter
653 2215 683 2251 se
697 2214 837 2253 consono
857 2191 1145 2268 murmure,Virgi·

93 2273 172 2333 lium
187 2297 252 2336 non
265 2279 370 2338 minus
383 2294 553 2353 oratorem,
567 2299 662 2360 quam
675 2293 800 2359 poetam
813 2278 993 2338 habendum
1005 2297 1146 2358 pronun-

95 2364 239 2424 tiabant:
260 2368 293 2426 in
312 2389 375 2448 quo
394 2381 423 2426 et
437 2382 524 2428 tanta
539 2366 673 2426 ornandi
690 2366 872 2449 disciplina,
888 2382 995 2426 ettam
1011 2363 1145 2446 diligens

97 2451 275 2512 observatio
292 2453 454 2515 rhetoricae
468 2458 541 2514 artis
559 2453 805 2514 ostenderetur.»
820 2455 858 2513 Et
874 2452 930 2514 lib.
945 2453 958 2510 l
972 2455 1031 2513 Sat.
1048 2475 1062 2506 ιι
1075 2463 1147 2510 sunt

97 2541 130 2599 in
142 2543 275 2624 Virgilio
291 2547 376 2604 nervi
391 2557 552 2605 orato'rum
565 2543 759 2607 validissimi.
772 2571 784 2600 ιι
799 2543 933 2603 LandIn.
949 2545 980 2602 in
996 2561 1053 2600 sua
1066 2541 1146 2598 Prae-

96 2630 153 2691 fat.
165 2657 179 2686 ιι
191 2635 260 2713 quis
271 2637 303 2694 in
319 2636 449 2718 singulis
462 2623 527 2717 ejus
539 2637 639 2695 verbis
652 2634 857 2718 elegantiam?
866 2636 935 2716 quis
949 2635 982 2694 in
995 2633 1148 2693 orationis

96 2736 253 2783 structura
273 2725 556 2804 compositionem?
576 2727 644 2807 quis
664 2728 697 2785 in
710 2724 884 2785 luminibus
899 2725 1065 2784 verborum
1079 2743 1148 2782 scu·

96 2814 327 2894 tentiarumque
346 2815 530 2896 dignitatem
544 2817 684 2876 Maronis
698 2809 917 2897 adaequavitln
936 2815 1066 2888 lterum3
1083 2837 1097 2866 ιι
1108 2811 1150 2870 si-

98 2901 305 2978 militudmes,
317 2905 592 2986 amplificationem
605 2905 761 2987 exempla,
776 2904 990 2984 digressiones,
1002 2902 1089 2980 signa
1104 2920 1150 2958 re-
1243 2898 1245 2903 ’

96 3015 189 3068 rum,
210 2997 510 3076 argumentationes,
530 3010 690 3076 ceteraque
712 2992 911 3074 hujusmodi,
931 3012 999 3074 quae
1021 2989 1148 3070 quidem

100 3098 168 3160 tum
184 3082 223 3142 ad
243 3081 456 3165 probandum,
477 3099 544 3144 tum
563 3087 602 3145 ad
622 3083 822 3148 refutandum
837 3083 1007 3166 plurimum
1027 3079 1151 3155 valent,

98 3186 163 3232 tam
177 3171 294 3247 multa,
306 3185 369 3232 tam
382 3175 486 3248 varia,
500 3188 563 3236 tam
577 3172 774 3234 vehementia
787 3169 869 3247 sunt,
882 3185 918 3229 ut
929 3188 1030 3248 neque
1042 3168 1148 3248 copio-

99 3263 199 3338 siora,
214 3281 314 3342 neque
326 3261 501 3322 efficaciora
518 3261 645 3326 aliunde
659 3263 800 3344 exempla
815 3260 895 3320 sumi
910 3254 1074 3342 possintin
1087 3259 1149 3318 Lu-

99 3350 227 3409 dovicns
239 3351 379 3410 Vivesius
395 3351 517 3432 insigne
536 3350 673 3434 elogium
686 3349 807 3430 Virgilii
826 3347 898 3406 fecit
915 3347 947 3405 in
965 3340 1149 3428 praefatione

101 3439 139 3499 ad
154 3439 322 3520 Georgica,
341 3437 397 3499 ubi
416 3459 569 3500 summam
585 3441 715 3500 laudum
731 3459 799 3519 quae
811 3433 1010 3518 praecedunt,
1026 3435 1149 3498 confert

100 3528 137 3590 ad
154 3549 252 3588 unam
266 3527 477 3611 eloquentiam
492 3553 498 3589 :
513 3533 557 3590 ait
571 3532 672 3600 enim3
688 3553 702 3588 ιι
714 3525 766 3586 sed
780 3524 929 3606 quidest,
943 3525 1028 3608 quod
1042 3539 1088 3586 tot
1102 3525 1149 3584 vi-

99 3619 140 3692 n,
151 3631 199 3678 tot
208 3620 334 3701 ingenia
343 3665 351 3694 ‚
361 3635 409 3680 tot
418 3617 558 3681 etatibus
570 3639 677 3679 omnes
687 3630 751 3675 tam
763 3615 907 3676 admirati
917 3662 925 3691 ,
935 3629 1000 3677 tam
1010 3616 1151 3690 venerati

100 3719 187 3780 sunt,
197 3720 261 3766 tam
270 3701 435 3769 coluerunt
445 3723 586 3769 nostrum
597 3701 739 3788 poetam?
749 3724 806 3784 ego
817 3724 890 3763 sane
900 3701 975 3783 quid
985 3699 1072 3761 aliud
1082 3721 1155 3762 esse:

101 3791 299 3870 crediderim,-
315 3818 410 3878 quam
423 3798 563 3858 versibus
577 3793 641 3877 ejus
654 3791 870 3854 admirabilem
883 3812 946 3851 esse
958 3792 1021 3849 vim
1036 3788 1150 3849 docen-

101 3881 151 3957 di,
170 3881 344 3943 delectandi
361 3887 395 3948 ae
409 3885 576 3947 movendil
590 3905 661 3944 narn
677 3883 725 3942 bat
747 3891 819 3941 sunt
832 3882 959 3940 virtutes
977 3879 1092 3940 summi
1114 3897 1149 3936 ac

101 3969 238 4032 absoluti
249 3974 391 4036 oratoris.
401 3999 415 4032 n
424 3975 526 4040 Multa
537 3973 642 4038 subdit
653 3975 687 4034 in
698 3971 781 4032 banc
791 3969 992 4044 seutentiam,
1002 3982 1033 4053 et
1043 3963 1147 4025 addit:
