2742 4596
888 51 895 86 l

184 269 269 346 ns
453 275 487 338 r.
511 270 742 338 muornn
765 269 1001 338 uunorus
1121 230 1126 237 ’

245 395 373 454 Martius
384 393 542 468 Salutaris,
558 416 574 454 a
587 392 731 454 Charisio
741 391 865 454 Putscb.
879 415 911 475 p.
925 396 995 470 181,
1011 393 1046 453 18
1052 416 1060 469 ;
1076 395 1148 469 203,
1161 394 1203 470 46
1214 392 1257 455 acl

205 478 300 538 verba
311 482 484 562 Virgiliana
497 485 659 544 excitatur.
679 480 737 542 Sed
750 483 856 563 potuit
868 480 929 542 hoc
944 485 976 541 in
993 502 1088 566 opere
1099 503 1260 564 gramma-

207 565 272 624 tico
287 567 400 628 diversi
415 571 590 650 argumenti
605 569 682 629 fieri.

245 652 391 718 Melissus.
402 659 475 718 Fuit
483 659 591 738 utique
600 656 662 718 boc
673 658 803 717 nomine
812 659 1032 738 grammaticus
1044 680 1051 717 :
1064 657 1179 740 dequo
1191 658 1257 742 vid.

206 741 330 804 Sueton.
343 745 388 805 ill.
401 747 455 806 Gr.
468 767 515 806 nr.
526 749 573 806 An
583 747 700 810 veroin
710 744 878 826 Virgilium
887 759 1114 807 commentatus
1126 748 1181 817 sit,
1195 747 1258 824 alia

208 835 336 909 quaestio
347 848 400 895 est.
411 836 504 913 Quod
515 837 600 918 apud
612 837 772 897 Donatum
784 838 847 897 Vit.
859 839 945 918 Virg.
955 838 984 917 3.
997 859 1035 920 27
1045 836 1099 898 ille
1109 836 1258 910 tradidit,

207 918 376 1001 Virgilium
394 945 536 986 sermone
553 924 766 986 tardissimum
784 923 893 1001 fuisse,
913 926 947 985 in
965 924 1053 986 libris
1073 927 1258 1007 Ineptiurum

207 1010 358 1091 scriptum
372 1018 562 1098 essepotuit.
574 1017 622 1076 Ad
636 1017 703 1075 AEn.
716 1015 789 1090 Vll,
800 1015 853 1089 66,
867 1016 899 1074 in
914 1015 1019 1075 Servio
1032 1028 1095 1075 est:
1109 1013 1258 1074 Melissus

210 1120 224 1150 u
235 1099 288 1178 qui
303 1098 342 1159 de
354 1103 467 1184 apibus
481 1106 603 1187 scripsit
612 1127 625 1160 n
644 1102 707 1164 boo
720 1102 764 1176 ab
782 1101 912 1163 indocto
926 1101 1153 1186 interpolatore
1166 1104 1260 1162 inser-

213 1199 280 1245 tum
292 1208 358 1248 esse
373 1191 517 1253 arbitror.

251 1277 591 1356 Modieius,aPontano
600 1297 631 1343 et
640 1280 739 1342 Cerda
748 1284 868 1364 passim
877 1281 916 1341 ad
926 1265 1087 1354 AEneidem
1096 1281 1262 1355 laudatum
1350 1297 1351 1334 t

117 1405 120 1418 .
211 1363 278 1426 noli
292 1380 397 1429 tamen
415 1371 497 1431 inter
509 1385 626 1434 veteres
642 1371 870 1432 Grammaticos
885 1390 957 1430 eum
971 1368 1097 1430 referre.
1117 1371 1176 1430 Est
1193 1371 1259 1430 Gu-
1350 1415 1352 1440 ,

209 1449 306 1513 lielm.
318 1457 474 1521 Modicius
486 1480 556 1520 saec.
569 1459 640 1518 XVI
655 1460 796 1520 exeuntis
807 1473 901 1540 poeta
913 1473 944 1518 et
955 1459 1192 1539 grammaticus,
1205 1460 1261 1540 qui
1351 1519 1352 1526 ,

212 1542 370 1623 Virgilium
383 1568 403 1606 a
414 1546 572 1610 calumniis
584 1547 763 1609 vntdicatum
777 1550 908 1630 scripsit.

250 1641 406 1721 Niqittum
418 1645 537 1704 Servius
546 1643 668 1716 laudat,
681 1664 747 1704 non
757 1663 831 1701 vero
842 1656 993 1722 tanquam
1004 1642 1260 1732 grammaticum,

212 1727 268 1806 qui
283 1730 317 1788 in
332 1730 500 1812 Virgilium
515 1745 744 1792 commentatus
756 1732 807 1790 sit.
828 1727 903 1810 Ejus
919 1731 1150 1790 Commentarius
1162 1752 1261 1812 pruru-

212 1817 357 1879 maticalis
367 1821 531 1881 indefinite
546 1833 740 1880 memoratur
753 1841 804 1901 ap.
816 1821 898 1878 Serv.
911 1819 951 1878 ad
965 1821 980 1879 1
994 1820 1049 1880 Ge.
1066 1840 1133 1882 120.

250 1907 350 1980 Nisus,
362 1911 584 1988 grammaticus
593 1909 710 1989 passim
719 1906 868 1968 laudatur
877 1909 911 1967 in
920 1909 1023 1989 Opere
1033 1907 1158 1969 Putsob.
1167 1909 1262 1989 Quod

214 1993 296 2053 inter
317 1996 442 2078 Virgilii
465 2011 728 2058 commentatores
748 1997 897 2074 refertur,
920 1999 1053 2080 petitum
1073 2012 1120 2058 est
1143 2011 1179 2058 ex
1200 2001 1262 2082 V'it.

214 2081 300 2161 Virg.
313 2084 547 2145 Pseudodonati
560 2085 584 2164 3.
600 2085 649 2144 lio.
858 2083 862 2090 ’

252 2177 378 2240 Perilius
399 2185 572 2266 Faustinus,
597 2182 683 2256 furta
705 2184 831 2266 Virgilii
853 2183 1031 2266 collegerat.
1051 2185 1168 2245 Donat.
1190 2187 1263 2246 Vita

215 2268 302 2350 Virg.
317 2272 341 2350 3.
354 2273 404 2332 62.

253 2356 361 2420 Pollio.
383 2363 420 2421 ln
434 2363 588 2424 Servianis
603 2362 643 2424 ad
657 2365 725 2424 AEn.
738 2365 796 2439 Vl,
817 2362 888 2439 554,
907 2360 965 2422 ubi
979 2360 1017 2420 de
1029 2382 1106 2423 aura
1118 2384 1156 2423 ac
1168 2378 1263 2425 vento
1324 2373 1328 2385 '
1354 2385 1355 2388 ’

216 2448 249 2505 in
267 2446 347 2509 locis
363 2450 472 2516 inferis
489 2456 592 2534 agitur
604 2454 706 2534 (conf.
723 2454 763 2513 ad
775 2455 832 2515 Ge.
847 2455 899 2529 IV,
910 2451 1004 2531 484);
1023 2455 1094 2513 «De
1108 2451 1166 2514 illo
1180 2459 1264 2516 enim

214 2534 286 2597 loco
299 2541 391 2600 multi
404 2559 567 2624 qnaerunt:
586 2547 651 2626 quis
665 2558 762 2606 tantus
773 2542 902 2626 plangor
915 2543 956 2603 ad
970 2543 1076 2604 auras?
1089 2544 1149 2605 Sed
1161 2544 1264 2622 Pollio

216 2623 295 2686 dicit
307 2631 411 2692 AEneae
424 2646 454 2693 et
466 2632 606 2716 Sibyllae,
627 2655 704 2715 quas
716 2633 763 2693 illi
773 2655 878 2694 secum
887 2646 1059 2708 traxerant3
1079 2656 1180 2715 quum
1195 2658 1265 2697 con-

215 2726 275 2773 stet
285 2718 380 2776 etiam
394 2719 461 2780 illic
478 2742 541 2781 esse
553 2743 677 2784 auras„
695 2723 758 2782 Jul.
773 2723 903 2783 Sabinus
916 2721 955 2782 ad
970 2723 1026 2796 Vl,
1045 2721 1116 2798 134,
1132 2727 1186 2784 Bis
1201 2729 1265 2808 Sty·

216 2801 286 2880 pios.
301 2827 316 2859 u
326 2804 428 2866 Pollio
440 2807 626 2886 admiratur,
639 2831 737 2892 quum
749 2812 859 2870 AEneas
876 2825 957 2872 esset
967 2809 1094 2870 futurus
1108 2812 1198 2889 deus,
1213 2836 1265 2876 cur

217 2890 301 2954 dicat
324 2893 375 2956 tis.
397 2897 533 2959 Solvitur
553 2899 630 2975 hoc,
652 2902 726 2981 quia
749 2900 834 2982 apud
854 2903 1028 2961 Homerum
1045 2900 1169 2982 Ulysses
1187 2905 1265 2964 vidit

217 2978 364 3044 umbram
381 2987 524 3048 Herculis
543 2988 627 3070 apud
646 2987 802 3050 inferos.»
820 2990 940 3051 Similes
959 2992 1064 3070 itaque
1080 2991 1217 3072 ineptias
1233 2996 1265 3054 in

219 3068 383 3218 &amnem
397 3077 607 3152 contulerant,
620 3079 725 3158 quales
739 3077 906 3162 Porphyrii
922 3077 1121 3157 aliorumque
1133 3079 1222 3142 fuere
1236 3085 1266 3141 in

251 3181 403 3226 omarum.

258 3260 378 3322 Probus.
400 3263 535 3327 Valerius
549 3266 660 3327 Probus
676 3267 920 3341 Grammaticus;
939 3268 993 3348 qui
1008 3267 1047 3326 sit
1065 3267 1149 3326 inter
1166 3272 1265 3329 varios

221 3345 355 3422 Probos,
376 3351 587 3433 disputantem
605 3355 668 3413 vid.
687 3357 857 3414 burmann.
874 3356 938 3414 Sec.
954 3350 1042 3435 praef.
1060 3355 1151 3436 (pag.
1165 3355 1221 3436 35)
1239 3371 1266 3416 et

222 3432 338 3492 Toml
355 3436 483 3500 Antbol.
499 3463 569 3522 pag.
583 3443 650 3525 739.
670 3442 811 3501 Probum
827 3439 918 3502 illum
932 3454 1066 3500 veterem
1084 3461 1120 3500 ex
1138 3445 1266 3504 Neronis

223 3525 416 3602 temporibus
433 3529 513 3589 bene
530 3534 677 3592 novimus
692 3553 728 3591 ex
744 3532 886 3592 Suetonii
900 3531 998 3590 Illust.
1012 3530 1067 3589 Gr.
1082 3551 1110 3590 c.
1127 3528 1181 3607 πίῃ
1194 3532 1267 3592 alter

221 3606 283 3667 fuit
296 3612 401 3672 saecnli
415 3615 573 3678 Adrianei.
586 3619 746 3681 Laudatur
759 3642 777 3679 a
792 3621 895 3680 Gellio
908 3621 964 3694 lx,
983 3640 1017 3698 9,
1036 3618 1103 3696 ejus
1114 3617 1268 3704 judicium

223 3694 262 3754 de
273 3716 365 3758 verss.
379 3703 446 3764 AEn.
459 3707 486 3779 l,
501 3707 558 3765 500
570 3729 630 3789 sq.,
643 3708 730 3768 aliud
741 3710 828 3784 Xlll,
841 3729 893 3782 ao,
907 3708 961 3768 ubi
974 3707 1203 3786 Georgicorum
1215 3730 1266 3769 ms.

222 3785 449 3866 autographum
462 3793 584 3873 Virgilii
594 3793 742 3856 habuisse
752 3810 906 3856 narratur.
916 3797 1001 3876 Saepe
1011 3795 1118 3855 Servio
1129 3799 1164 3856 in
1173 3800 1268 3858 AEnei·

217 3871 293 3934 ,dem
302 3918 310 3946 ,
320 3879 412 3936 semel
424 3882 456 3940 in
467 3883 631 3964 Georgica,
641 3900 848 3960 memoratur,
859 3888 955 3946 etiam
965 3887 1093 3946 Donato
1103 3887 1138 3946 in
1148 3888 1266 3948 Comm.

225 3961 395 4028 inserent.
411 3984 442 4032 et
454 3974 592 4042 Macrob.
606 3978 643 4053 V,
664 3999 711 4038 22.
733 3977 982 4056 Commentarius
997 3971 1062 4055 ejus
1077 3977 1111 4036 in
1127 3977 1268 4067 bucolica
