2742 4596
200 265 262 354 396
557 238 885 334 rnsrluotvm

198 393 294 456 Certa
306 415 439 480 parens,
452 393 628 483 onerisque
641 394 691 458 sui
703 407 901 481 cognoverat
912 408 1028 458 artem.

242 497 384 561 Consule
397 497 555 586 Pompeio
566 495 718 562 vitalibus
731 494 838 560 editus
849 496 952 576 auris,

198 605 242 668 Et
252 607 383 687 Crasso,
396 607 503 696 tetigit
516 623 653 688 terram3
666 629 733 694 qno
746 607 896 692 teinpore
908 604 1025 670 Chelas

199 711 274 774 Jam
285 713 373 777 mitis
385 712 555 778 Phaethon
567 727 643 802 post
654 712 798 800 Virginis
811 733 868 775 ora
878 726 1043 798 receptus.
1086 713 1089 719 “

201 819 366 886 Infantem
377 823 503 910 vagisse
515 837 655 910 negant:
670 843 746 885 nam
758 821 868 914 fronte
880 842 996 885 serena

201 928 378 1017 Conspexit
389 929 567 1011 mnndum,
580 931 634 995 cui
646 930 820 1024 commoda
830 945 921 993 tanta
932 927 1068 993 ferebat.

202 1037 277 1122 lpse
289 1038 472 1128 puerperiis
483 1037 599 1103 adrisit
609 1039 715 1104 laetior
727 1036 815 1102 orbis
828 1061 835 1100 :

202 1141 305 1205 Terra
316 1143 511 1210 ministravit
522 1145 635 1225 flores3
650 1160 684 1210 et
695 1165 833 1210 munere
844 1165 949 1208 verno

204 1245 351 1311 Herbida
363 1251 537 1366 supposuit
547 1273 652 1340 puero
664 1251 826 1314 fulmenta
837 1249 1013 1314 virescens.

203 1352 379 1434 Praeterea,
393 1355 419 1418 si
431 1379 509 1420 vera
522 1354 619 1435 fides,
633 1353 693 1420 sed
703 1378 781 1420 vera
793 1353 967 1444 probatur,

203 1455 283 1520 Lata
295 1404 414 1526 cohors
426 1462 539 1549 apium
551 1461 661 1526 subito
673 1483 733 1548 per
744 1484 819 1526 rura
828 1457 967 1550 jacentis

202 1562 308 1629 Labra
320 1566 402 1632 favis
414 1571 495 1633 texit
506 1567 618 1634 dulces
631 1569 745 1633 fusura
756 1565 915 1656 loquelas.

205 1668 277 1731 Hoc
290 1669 478 1756 quondam
470 1696 504 1735 111
515 1695 606 1738 sacro
618 1687 747 1736 tantum
758 1671 875 1732 mirata
886 1669 1021 1762 Platone

205 1770 369 1838 Indicium
381 1775 502 1864 linguae
513 1793 675 1841 memorat
687 1778 811 1840 famosa
822 1757 976 1838 vetustas.

204 1876 269 1942 Sed
281 1879 403 1945 Natura
414 1905 548 1969 parens,
562 1903 743 1971 properans
756 1879 913 1944 extollere
924 1881 1077 1958 Romam,

207 1981 249 2044 Et
260 1984 354 2048 Latio
366 1984 459 2052 dedit
470 1987 548 2068 hoc,
562 2011 604 2052 ne
618 1985 699 2077 quid
713 1981 912 2049 concederet
922 1985 991 2048 11111.

208 2088 349 2178 Insuper
359 2090 424 2174 his,
438 2096 581 2182 genitor,
594 2093 662 2158 nati
674 2091 755 2158 dum
769 2091 837 2155 1313
847 2089 1000 2180 requirit,

206 2197 386 2286 Populeam
398 2177 500 2268 sterili
512 2203 637 2290 virgam
649 2198 817 2265 mandavit
828 2221 954 2264 arenae:

206 2300 373 2392 Tempore
386 2330 459 2396 quae
471 2309 593 2372 nutrita
605 2307 713 2387 brevi,
727 2304 808 2370 dum
820 2304 950 2383 crescit,
963 2303 997 2366 in
1010 2324 1108 2368 omne

207 2407 312 2478 Altior
324 2413 457 2480 emicuit
469 2415 611 2495 cunctis,
625 2436 706 2505 quas
719 2427 853 2478 auxerat
865 2427 951 2476 aetas.

208 2511 288 2578 Haec
299 2532 436 2604 propter
446 2517 569 2606 placuit
579 2539 721 2606 puerum
734 2515 940 2582 committere
951 2515 1070 2594 Musis,

208 2620 250 2684 Et
262 2639 443 2689 monstrare
454 2627 542 2691 viam
553 2609 704 2692 venturae
713 2627 748 2690 in
761 2623 878 2690 saecula
890 2625 995 2689 famae.

252 2726 340 2790 Tum
351 2730 481 2796 Ballista
491 2729 610 2797 rudem
621 2733 733 2822 lingna
745 2730 908 2795 titubante
920 2747 1093 2816 receptum
1136 2807 1142 2820 ,

211 2827 356 2896 Instituit
366 2835 525 2922 primum,
539 2861 640 2927 quem
652 2861 717 2902 nox
728 2836 888 2916 armabat,
901 2836 936 2898 in
949 2833 1073 2900 umhris

211 2932 356 3002 Grassari
368 2940 517 3024 solitum,
530 2943 655 3007 crimen
667 2941 818 3005 doctrina
831 2939 977 3028 tegebat3

208 3039 288 3109 Mox
299 3049 461 3135 patefacta
472 3052 534 3116 viri
545 3073 656 3138 pressa
669 3066 719 3116 est
730 3048 867 3114 audacia
880 3049 970 3113 saxis.

210 3149 329 3218 Incidit
341 3157 474 3223 titulum
482 3160 629 3251 juvenis,
644 3183 710 3249 quo
723 3159 861 3247 pignora
872 3155 955 3222 vatis

211 3251 324 3318 Edidit
336 3282 342 3319 :
355 3259 507 3348 auspiciis
520 3262 652 3327 suffecit
664 3285 762 3350 poena
774 3258 929 3350 magistri.

215 3387 227 3414 1
239 3361 355 3426 Monte
367 3367 428 3430 suh
440 3367 504 3433 hoc
515 3368 663 3458 lapidum
677 3369 798 3458 tegitur
810 3367 939 3432 Ballista
952 3361 1110 3454 sepultus.

260 3497 272 3526 1
284 3471 386 3568 Nocte
399 3473 453 3539 die
464 3493 573 3542 tutum
587 3502 684 3568 carpe
695 3479 800 3544 viator
812 3478 883 3540 iter.
892 3503 910 3534 1

212 3573 278 3637 Nos
291 3589 401 3640 tamen
413 3577 477 3645 hoc
488 3583 636 3666 brevius;
650 3611 677 3651 si
668 3585 736 3650 fas
745 3582 904 3650 simulare
915 3582 1107 3644 Maronem:

216 3681 403 3750 «Ballistam
417 3712 474 3756 sua
486 3717 583 3791 poena
595 3699 691 3784 tegit,
704 3696 756 3760 via
768 3711 838 3759 tuta
850 3716 909 3801 per
921 3713 1025 3754 auras.

217 3789 305 3852 «Hic
317 3790 466 3860 Ballista
452 3816 556 3888 Jacet,
570 3817 659 3867 certo
672 3800 757 3890 pede
770 3821 871 3889 perge
882 3791 997 3862 viator.

251 3981 292 4016 ar.
305 3967 334 4018 F.
349 3970 459 4027 Chelis„
471 3989 590 4048 receptus.
714 3981 755 4051 37.
769 3981 801 4066 111Ι
812 3997 887 4032 omen
901 3975 1003 4030 Tollius
1016 3985 1087 4027 recte
1102 3971 1217 4040 conjicit.
