2704 4582
258 271 300 358 94
587 253 965 328 couneus-ruri

255 388 484 452 oculatissimus
500 395 590 467 poeta
601 405 659 466 pro
672 405 728 444 suo
741 385 859 458 Heroe3
878 397 961 444 certe
973 385 1060 466 plus,
1082 407 1178 468 quam
1190 389 1310 448 Venus

257 498 316 558 pro
328 497 383 537 suo
401 487 493 534 nato:
515 493 589 532 nam
605 486 640 530 ut
655 473 764 532 AEneas
781 491 798 529 a
814 469 895 532 caede
912 485 1115 549 averteretur,
1136 495 1221 556 opus
1241 475 1314 534 fuit

256 579 305 624 tot
318 564 488 638 militibus,
502 576 537 622 ut
548 581 636 644 paene
648 576 725 620 esset
741 558 869 634 cohors3
889 573 937 620 tot
953 561 1039 636 telis,
1060 576 1095 622 ut
1111 583 1203 644 paene
1223 577 1313 624 esset

255 652 393 711 nimbus.
408 649 503 709 Aliter
514 670 578 709 non
591 646 769 709 consultum
781 646 888 706 fuisset
898 645 963 728 ejus
976 647 1100 710 honori.

297 740 365 800 333.
384 737 487 800 Verba
502 741 561 798 viri
576 738 666 798 fortis
682 736 721 796 ad
737 735 902 798 Achatem:
923 737 1032 814 fortis,
1053 741 1204 822 inquam;
1227 761 1310 799 nam

256 826 336 888 nihil
346 830 433 888 timet
440 823 686 909 congressionem
696 846 768 885 cum
776 839 892 906 septem
899 823 1100 901 fratribus3et
1108 843 1191 888 unus
1201 851 1309 910 quum

258 919 315 992 sit,
329 915 404 976 facit
415 910 598 997 potestatem
609 915 657 973 sui
667 914 742 972 viris
754 927 881 993 septem.
897 912 981 988 Quid
994 933 1067 973 vero
1080 913 1119 974 ad
1131 913 1315 976 Achatem?

258 1017 293 1064 ut
312 1019 456 1084 suggerat
475 1003 535 1064 tela
552 997 618 1084 jam
636 999 765 1082 probata
786 998 869 1082 apud
887 997 1012 1080 Trojam
1030 1015 1137 1061 contra
1156 1003 1313 1075 Graec0s3

258 1093 387 1174 perinde
400 1094 472 1152 acsi
485 1091 585 1150 dieat:
600 1110 668 1170 quae
681 1091 804 1148 Graecos
817 1087 1036 1163 confecerunt,
1051 1111 1105 1148 cur
1117 1111 1183 1150 nou
1197 1105 1229 1149 et
1241 1093 1312 1150 Ru-

257 1179 358 1239 tulos?
372 1200 440 1260 quae
453 1179 584 1259 probata
598 1179 632 1236 in
646 1178 764 1257 campis
778 1174 895 1250 Iliacis,
914 1197 968 1235 cur
979 1196 1044 1235 non
1058 1177 1090 1234 in
1105 1177 1244 1236 Italicis?

297 1267 497 1341 335.Vidisti,
505 1280 540 1325 ut
547 1281 663 1346 septem
674 1263 767 1323 simul
775 1262 883 1322 fratres
891 1283 954 1322 uua
962 1263 1109 1322 irruerint
1117 1265 1148 1320 in
1158 1265 1291 1324 AEneam
1302 1288 1309 1324 :

255 1370 362 1414 narrat
377 1353 443 1436 jam
461 1367 573 1436 poeta,
597 1350 672 1432 quid
691 1352 789 1410 tribus
807 1349 921 1410 horum
939 1350 1072 1409 fratrum
1092 1351 1241 1411 acciderit
1265 1353 1308 1411 ab

255 1447 365 1520 AEnea,
385 1443 542 1517 videlicet,
560 1442 691 1516 Maeoni,
711 1441 870 1516 Alcanori,
891 1441 1065 1500 Numitori:
1084 1438 1161 1519 jacit
1180 1439 1308 1500 hastam

256 1536 290 1594 in
301 1537 471 1608 Maeonem3
489 1531 643 1612 transfigit
657 1531 723 1611 ejus
738 1551 851 1590 aereum
863 1530 1027 1613 clypeum,
1041 1528 1217 1608 thoracem,
1232 1553 1309 1612 pec·

257 1636 325 1682 tus:
347 1621 407 1682 hoc
426 1635 542 1703 puncto
561 1622 710 1700 temporis
727 1620 860 1685 Alcanor
876 1633 1018 1678 ruentem
1038 1618 1168 1680 fratrem
1183 1619 1307 1679 lacerto

222 1739 225 1744 ·
255 1722 421 1784 sustentat3
441 1709 493 1768 sed
505 1708 594 1768 hasta
607 1707 714 1767 eadem
730 1709 875 1788 protinus,
896 1706 928 1764 id
946 1717 1009 1782 est,
1029 1709 1215 1766 continuato
1233 1707 1306 1765 vul-

255 1819 345 1873 nere,
368 1820 404 1858 ac
419 1813 527 1861 tenore
545 1797 654 1856 eodem
669 1795 819 1856 lacertum
832 1797 992 1857 Alcanoris
1013 1798 1215 1856 transcurrit:
1237 1818 1306 1856 non

254 1890 341 1947 enim
357 1887 475 1948 diversa
492 1887 553 1947 fuit
569 1887 635 1946 haec
650 1886 756 1963 hasta,
777 1900 812 1946 ut
828 1889 908 1948 male
927 1886 1043 1948 nobilis
1061 1887 1191 1968 quidam
1208 1889 1306 1946 inter-

252 1995 342 2055 pres:
354 1995 427 2056 ergo
439 1977 482 2035 sic
490 1974 622 2050 factum,
633 1989 668 2034 ut
676 1987 778 2034 totum
787 1973 966 2050 brachium,
976 1987 1005 2033 et
1016 1974 1140 2034 dextera
1148 1973 1306 2056 penderet
1336 2027 1337 2032 ,

255 2083 292 2121 ex
311 2061 443 2122 humero
457 2062 522 2142 jam
543 2063 645 2122 nervis
660 2061 867 2122 moribunda:
889 2064 938 2122 vel
955 2061 1074 2144 explica
1093 2065 1152 2137 sic3
1174 2062 1304 2122 dextera

253 2151 359 2211 avulsa
371 2173 407 2212 ex
421 2151 551 2212 humero
564 2151 712 2235 pependit
723 2155 825 2212 nervis
837 2151 1034 2213 moribunda.
1047 2154 1180 2212 Accessit
1191 2153 1300 2212 statim

254 2243 412 2316 Numitor,
425 2256 455 2301 et
466 2240 585 2302 hastam
598 2241 786 2302 confatalern
798 2241 944 2302 fratribus
957 2243 1105 2322 arripuit,
1121 2263 1191 2322 quae
1202 2241 1301 2300 haere·

254 2330 309 2390 bat
323 2333 356 2390 in
370 2351 499 2412 corpore
513 2333 658 2408 Maeonis,
675 2347 766 2412 atque
781 2330 835 2390 illa
848 2333 975 2390 AEneam
989 2333 1097 2412 petiit:
1112 2344 1301 2390 nontamen

253 2421 344 2482 licuit
364 2422 488 2482 mortali
509 2421 632 2482 homini
651 2421 778 2482 heroem
798 2421 908 2502 figere3
935 2423 1039 2502 itaque
1066 2421 1186 2480 deilexa
1208 2420 1299 2480 hasta

255 2512 434 2590 perstrinxit
446 2509 567 2569 Achatae
579 2509 690 2569 femur.
705 2509 790 2584 Quid
802 2511 827 2568 si
837 2506 964 2568 Achates
977 2527 1040 2568 sese
1050 2509 1189 2567 venienti
1202 2506 1300 2567 hastae

255 2600 420 2678 opposuit,
434 2619 541 2658 amans
554 2601 654 2658 AEneae
669 2596 736 2656 suil
785 2635 788 2641 -
1140 2613 1142 2618 ’

302 2684 370 2758 345.
395 2687 558 2744 Praemittit
581 2699 691 2744 notam
711 2684 926 2763 fortitudinis,
956 2701 1027 2746 ante
1048 2685 1152 2746 Clausi
1168 2685 1299 2766 'egregia

255 2769 356 2831 facta:
371 2787 437 2832 erat
449 2773 482 2830 in
496 2775 632 2853 primevo
644 2793 776 2854 corpore,
792 2776 866 2854 quia
881 2789 955 2834 tunc
968 2776 1002 2832 in
1015 2774 1117 2854 primo
1131 2773 1209 2832 llore
1223 2790 1298 2832 aeta-

255 2860 314 2918 tis:
334 2870 421 2919 erant
433 2861 460 2918 ei
473 2861 569 2919 Cures
585 2861 617 2918 in
638 2861 804 2938 comitatu,
824 2863 939 2943 quibus
955 2860 1086 2934 fidebat,
1105 2875 1139 2920 ut
1153 2858 1301 2921 fortibus.

255 2949 359 3010 Prima
372 2947 436 3030 ejus
450 2970 514 3008 sors
531 2951 563 3008 in
576 2952 750 3030 Dryopem3
767 2949 853 3011 hunc
869 2951 940 3010 serit
956 2949 1008 3010 sub
1024 2963 1172 3023 mentum,
1188 2951 1221 3008 id
1237 2963 1298 3022 est,

255 3039 287 3095 in
302 3051 441 3119 gutture3
455 3059 550 3120 pressa
559 3040 683 3118 praviter
695 3037 795 3112 hasta,
810 3039 941 3121 explicat
953 3051 1116 3113 conatum,
1132 3059 1196 3118 quo
1209 3038 1298 3116 Clau·

255 3181 407 3250 profuturo
421 3173 569 3252 accipiunt,
586 3179 613 3230 id
623 3192 676 3243 est,
696 3199 752 3250 quae
832 3182 893 3248 346.
910 3182 1028 3234 Eminus.
1044 3179 1187 3232 Notandus
1204 3180 1296 3230 locus:

255 3262 307 3310 nisi
324 3275 410 3312 essent
427 3261 542 3326 deflexa,
562 3262 689 3332 stringere
705 3260 753 3311 de·
797 3280 859 3312 nam
870 3281 950 3333 quum
960 3261 1059 3312 eminus
1069 3263 1116 3326 sit,
1128 3261 1206 3330 quasi
1218 3279 1232 3310 e
1244 3278 1298 3310 rna·

256 3337 454 3392 buerant.Male
462 3343 624 3392 aitDonatus
632 3340 683 3392 hoc
691 3339 752 3391 loco
798 3359 849 3405 nu,
862 3340 905 3391 hie
918 3353 1006 3391 tamen
1015 3357 1070 3390 nou
1079 3339 1157 3402 hasta
1171 3341 1296 3400 mittitur;

254 3429 317 3469 ante
329 3417 461 3470 dictorum
471 3420 582 3472 oblitum
595 3437 651 3472 esse
665 3421 751 3492 virgi·
797 3433 902 3472 tanturn
912 3419 941 3470 fit
951 3421 1018 3471 ictus
1030 3438 1061 3470 ea
1071 3431 1189 3486 retenta,
1200 3431 1226 3470 et
1236 3433 1298 3489 pug-

255 3497 334 3562 lium,
350 3498 423 3568 quod
435 3511 496 3568 post
507 3501 580 3551 Jovis
592 3500 751 3572 prohibitio·
795 3513 876 3550 natur
899 3501 1034 3550 cominus:
1054 3517 1119 3570 ¹crgo
1139 3499 1167 3548 in
1187 3497 1296 3569 Virgilio

240 3610 245 3620 »
256 3593 317 3628 nem
330 3576 407 3629 bellis
419 3578 483 3628 lacit
492 3582 600 3631 numina
609 3582 749 3632 interesse:
790 3578 858 3649 ferit
868 3579 967 3629 eminus
979 3589 1032 3643 est,
1044 3578 1106 3628 ferit
1116 3595 1130 3627 e
1140 3595 1232 3628 manu.
1246 3577 1295 3626 Aut

255 3673 311 3707 non
322 3657 467 3726 respiciens
482 3657 573 3709 Jovem
593 3660 676 3730 magis
690 3658 753 3709 hor·
796 3659 818 3707 si
830 3657 909 3722 velis,
929 3657 1020 3726 accipe
1034 3656 1122 3718 aliter;
1144 3659 1208 3726 quia
1219 3657 1295 3726 longa

256 3745 340 3786 tatum
352 3751 408 3786 esse
420 3735 490 3786 Deos
504 3737 532 3786 in
545 3737 660 3802 foedera,
673 3756 753 3808 quam
797 3748 836 3786 est
846 3735 936 3801 hasta,
946 3736 1007 3786 ideo
1017 3738 1131 3798 eminus,
1143 3755 1206 3788 eum
1214 3753 1293 3807 oppo-

257 3830 273 3864 a
284 3811 362 3867 bellis
370 3811 537 3882 prohibuisse
547 3835 552 3864 :
563 3833 625 3866 narn
636 3828 661 3866 et
670 3816 751 3886 paulo
797 3817 892 3865 sitione
901 3813 934 3866 atl
943 3833 1072 3885 pugnam,
1083 3834 1141 3886 quae
1151 3815 1180 3865 fit
1191 3815 1291 3888 gladiis,

256 3903 330 3960 post,
348 3904 440 3943 ettam
455 3893 524 3943 Juno
543 3913 621 3964 quam
637 3897 752 3947 Juturna
797 3893 893 3964 quibus
906 3891 1019 3943 dicimur
1028 3913 1147 3966 pugnare
1158 3899 1293 3956 cominus,

254 3967 330 4020 bellis
341 3971 495 4023 intererunt.
508 3975 577 4024 Serv.
797 3973 860 4040 quia
871 3971 900 4024 hi
912 3973 1056 4024 breviores.
