2654 4590
294 305 349 370 IN
374 304 612 376 AEREIDOS
635 307 730 373 LIB.
753 301 815 374 IX.
1036 321 1073 384 31

31 425 115 486 otilla
128 448 237 528 prope
256 449 293 488 se
305 427 480 509 Euryalum
496 427 576 486 vidit
591 448 661 488 cum
677 429 799 510 gladio,
823 437 1004 500 assurrexit:
1025 445 1079 506 sed

32 531 135 596 puncto
154 519 321 600 temporis
341 519 468 586 obviam
485 515 596 584 habuit
613 533 762 594 mortem3
785 521 855 582 ideo
874 531 989 610 recepit,
1012 532 1080 594 dira

31 601 256 686 hospitalitate,
269 605 326 664 ubi
337 603 550 672 miserandum
558 610 652 682 utiba:
662 607 807 684 etmulta,
819 627 946 692 propter
955 619 1079 698 copiam

32 695 201 772 sanguinis:
231 714 334 776 quam
358 694 480 774 copiam
504 691 680 774 explicans,
706 697 750 758 ait
767 700 920 759 vomitam
942 706 1079 770 animam

32 798 238 860 purpuream,
254 783 332 862 quia
344 803 407 850 una
420 801 491 846 cunt
505 783 655 862 sanguine
664 785 736 844 vina
748 805 872 867 quoque
883 790 994 867 relata,
1011 817 1079 876 quae

1 923 2 932 ,
32 868 116 944 paulo
128 885 206 929 ante
217 871 477 951 ingurgitaverat.
490 869 601 945 Addit,
612 869 660 932 hic
662 873 747 954 furto
748 874 880 955 fervidus
889 879 993 955 insuat,
1003 887 1079 964 quia
1110 867 1114 874 ¹

35 954 181 1038 Euryalus
194 980 345 1022 successu
357 979 506 1042 prospero
519 962 618 1040 magis
632 982 666 1020 ac
682 963 781 1043 magis
793 964 991 1030 incumbebat
1000 994 1078 1034 noc-

35 1050 124 1106 turnis
136 1049 294 1110 cedibus.

69 1135 133 1194 351.
153 1140 230 1197 Hoc
244 1137 283 1196 ad
299 1137 432 1218 gloriam
448 1137 591 1218 Euryali,
610 1139 666 1219 qui
685 1159 749 1196 non
763 1152 926 1204 contentus
942 1146 1080 1210 caedibus

38 1225 161 1286 emedia
174 1228 289 1309 plebe,
309 1228 459 1308 aspiravit
471 1227 508 1286 ad
522 1230 621 1289 socius
632 1229 785 1310 Messapi:
805 1231 946 1294 invitavit
963 1239 1080 1320 quippe
1112 1300 1120 1318 ‚

38 1311 115 1370 illum
129 1329 201 1376 turn
214 1317 297 1396 ignis
307 1315 371 1396 jam
389 1336 477 1396 paene
489 1314 654 1390 deficiens,
669 1329 736 1380 tum
750 1319 821 1397 equi
834 1317 925 1378 soluti
936 1321 1029 1404 jugo,
1049 1343 1082 1386 et

37 1417 187 1478 carpentes
206 1425 347 1485 gramen.
368 1406 412 1464 Ex
430 1416 561 1482 utroque
575 1404 660 1462 enim
680 1403 771 1462 facile
789 1407 893 1484 potuit
911 1409 1081 1490 conjicere,

37 1489 148 1550 nnllam
165 1493 213 1552 ibi
227 1515 352 1569 curam,
369 1506 398 1552 et
413 1491 535 1552 facilem
553 1513 741 1572 aggressum.
760 1495 841 1574 Equi
859 1494 986 1579 religati,
1006 1515 1085 1564 sunt

35 1578 150 1642 fortiter
160 1581 277 1664 illigati
289 1607 295 1640 :
311 1586 377 1654 rite,
389 1581 494 1656 idest,
508 1581 637 1642 militari
647 1603 683 1642 ex
693 1603 796 1656 more,
809 1604 848 1642 ne
859 1586 996 1663 abirent,
1009 1613 1080 1650 cum

38 1691 93 1748 quo
106 1685 213 1734 tamen
228 1687 304 1748 stat,
320 1671 439 1735 solutos
447 1671 526 1752 jugo
540 1671 651 1747 fuisse,
667 1692 740 1736 nam
753 1670 851 1735 libere
861 1677 1081 1754 pascebantur,

38 1757 87 1816 Sed
101 1773 170 1820 tum
182 1762 277 1820 Nisus
289 1761 460 1841 Euryalum
474 1761 646 1833 revocavit,
661 1780 752 1840 quem
765 1763 858 1825 serisii
872 1766 1091 1850 intemperan,

1 1903 2 1906 ,
39 1859 79 1906 ter
89 1848 163 1908 ferri
174 1851 209 1908 in
223 1849 332 1918 caedes.
347 1851 439 1911 Ratio
449 1848 579 1930 triplex:
593 1852 713 1929 appetit
719 1847 785 1930 jam
797 1850 863 1926 lux,
875 1874 943 1934 quae
953 1858 1081 1920 inimica

1 1985 2 1990 κ
37 1953 193 2000 nocturnae
215 1940 425 2021 aggressioni;
447 1931 547 2020 poenae
563 1935 629 2018 jam
647 1937 819 2015 exhaustae,
847 1946 1021 2024 etquidem
1040 1950 1080 2008 ad

1 2019 2 2090 f
37 2029 205 2088 satietatem
218 2053 224 2087 :
240 2030 322 2090 lacta
338 2041 384 2088 est
397 2031 446 2090 yia
462 2042 491 2088 et
506 2026 634 2110 quidem
648 2049 704 2108 per
716 2027 841 2089 hostes:
856 2033 977 2114 itaque,
993 2050 1023 2096 et
1035 2059 1081 2097 sa-

1 2117 2 2194 }
37 2117 106 2176 tiata
120 2132 165 2178 est
179 2119 362 2194 iracundia,
377 2131 406 2178 et
417 2131 506 2200 parta
519 2118 630 2197 gloria.
762 2117 764 2120 ’
856 2179 857 2182 ,

1 2201 2 2218 ³
72 2206 137 2290 357.
148 2207 195 2268 Ea
204 2208 264 2278 fuit
272 2207 457 2268 abeuntium
466 2207 691 2288 praecipitantia
703 2203 743 2266 ad
753 2223 953 2288 apparentem
963 2211 1082 2289 lucem,

38 2309 68 2354 ot
82 2299 178 2358 multa
193 2299 396 2380 reliquerint,
410 2299 531 2358 etiamsi
545 2298 695 2378 pretiosa,
712 2295 760 2362 val
774 2317 808 2354 ex
822 2303 967 2375 materia,
983 2303 1030 2362 vel
1044 2326 1081 2363 ex

37 2399 111 2445 arte:
124 2409 161 2448 ex
172 2390 322 2460 materia:
337 2408 411 2446 nam
420 2408 457 2446 ex
466 2399 585 2468 argento
595 2383 688 2444 solido
698 2407 707 2442 :
719 2405 753 2442 ex
765 2399 844 2458 arte:
852 2407 928 2444 narn
937 2391 1079 2472 perftecta:
1121 2388 1123 2392 Α

40 2473 135 2556 itaque
152 2479 266 2537 onmia
286 2478 320 2536 in
340 2477 458 2556 pretio,
479 2495 546 2548 ars,
569 2485 599 2532 et
620 2473 764 2545 materia,
787 2485 820 2530 ut
838 2474 979 2555 loquitur
997 2477 1079 2537 Plin.

39 2559 86 2621 lib.
98 2566 246 2637 xxxin,
260 2585 328 2644 cap.
345 2584 369 2622 ι.
385 2565 462 2639 Quoe
474 2583 547 2624 vero
560 2558 691 2620 relicta?
701 2575 944 2636 urma‚cruteres,
962 2578 1081 2646 tapetes:

40 2648 87 2712 bos
99 2675 201 2734 quum
213 2667 308 2714 vocat
319 2650 467 2734 pulchros,
483 2649 623 2732 explico,
636 2669 695 2708 acu
709 2651 818 2730 pictos.

75 2743 141 2822 359.
164 2742 225 2804 Sed
247 2745 280 2802 in
298 2754 388 2804 tanta
408 2755 513 2802 tamen
533 2741 778 2822 praecipitantia,
801 2741 928 2824 Euryali
950 2743 1082 2806 aviditas

38 2843 173 2905 uantur,
194 2831 251 2912 qui
267 2851 370 2890 secum
388 2829 516 2891 abstulit
527 2827 707 2888 Rhamnetis
722 2826 882 2908 phaleras,
903 2844 933 2890 et
944 2833 1079 2913 cingula.
1138 2905 1141 2908 ι

38 2917 140 2978 Narrat
154 2939 231 2980 vero
247 2931 356 3000 poeta,
374 2917 458 2978 unde
468 2916 517 2978 bae
530 2915 681 2998 phalerae,
700 2929 729 2974 et
743 2917 867 2996 cingula
882 2921 1081 2998 pervenerint
1096 2959 1097 2962 =
1158 2969 1159 2974 ,

38 3005 71 3064 ad
87 3021 275 3088 potestatem
291 3005 496 3082 Rutulorum,
516 3004 599 3066 hunc
614 3008 647 3064 in
661 3003 813 3064 modum:
836 3009 931 3065 moris
950 3007 1025 3082 fuit,
1046 3024 1081 3067 ut

38 3097 110 3156 inter
126 3119 159 3158 se
178 3097 323 3157 homines
342 3096 469 3178 hospitii
486 3095 558 3178 jura
577 3097 694 3155 mutuis
709 3094 892 3154 muneribus
912 3093 1082 3178 conjunge-

37 3200 116 3260 rent,
130 3187 232 3246 etiam
244 3186 384 3244 absentes
396 3206 402 3242 :
416 3205 505 3264 ergo,
515 3183 652 3242 Caedicus
662 3183 846 3254 ditissimus,
863 3177 970 3242 absens
982 3204 1080 3264 quum

37 3288 122 3350 esset,
141 3275 234 3333 misit
248 3294 377 3333 munera
388 3265 519 3334 Remulo
533 3269 723 3350 Tyburtino,
743 3268 879 3328 utillum
894 3270 954 3329 sibi
969 3271 1079 3353 adjun-

66 3391 126 3457 348.
142 3389 275 3444 Condidit.
284 3390 367 3442 Notat
376 3392 465 3444 Germ.
478 3389 535 3449 dic·
578 3387 684 3441 Scilicet
698 3384 844 3457 Euryalus,
863 3386 908 3454 qui
922 3386 1029 3440 furebat
1040 3389 1080 3442 la·

38 3483 89 3520 turn
108 3473 261 3524 imitatione
284 3473 361 3524 llorns
387 3473 433 3542 qui
457 3469 533 3522 Iliad.
579 3463 1081 3539 tenter:utsitfurtc,nocturnopre·

38 3550 93 3601 XVI
111 3565 136 3604 ot
156 3552 219 3616 XX,
238 3551 288 3606 :teir
304 3551 329 3600 θ’
345 3549 398 3602 rien
411 3550 449 3604 ido
464 3549 534 3616 ξίρος.
580 3548 629 3600 lio:
639 3545 996 3618 namfuresideodictisnnt,
1006 3552 1080 3620 quod

38 3629 126 3698 ltaque
146 3643 177 3682 ut
198 3632 277 3682 Hom.
301 3641 385 3682 totum
402 3629 535 3704 gladium,
580 3629 675 3692 furvo,
685 3625 713 3676 id
725 3639 778 3694 est,
788 3628 865 3698 nigro
878 3639 998 3698 tempora
1009 3631 1082 3684 furta

40 3708 109 3780 Vis-g.
120 3710 366 3764 sensemeundidit.
378 3733 390 3756 n
401 3709 537 3769 -Adsnr-
581 3707 764 3766 committunt:
788 3717 832 3764 aut
852 3724 882 3758 re
901 3724 964 3758 vera
986 3710 1080 3762 «forro

1 3803 2 3808 ¹
43 3791 113 3860 penti.
132 3791 249 3862 Impetus
267 3789 437 3860 adsurgentis
456 3792 537 3841 ictum
581 3784 737 3850 fervidusn,
759 3786 822 3856 quia
838 3785 954 3856 Messapi
975 3787 1080 3858 galeam

45 3869 115 3933 juvit:
127 3872 196 3921 aaut
203 3889 272 3942 aper
282 3869 353 3922 saltu
365 3881 411 3920 aut
420 3868 537 3939 pondere
583 3867 701 3932 sustulit,
712 3866 1039 3937 etRhamnetispboleras.
1048 3899 1081 3920 a·

1 3979 2 3982 =
49 3949 183 4002 tenuatam
194 3954 280 4004 ictum
294 3951 413 4019 adjuvat.
430 3949 536 4002 Taubm.
583 3948 655 4000 Curt.
667 3946 712 3998 lib.
720 3949 764 4013 1V,
773 3949 852 4000 etiam
864 3948 965 4006 furtum
972 3949 1084 4003 adhibet

77 4025 537 4103 350.11ufartofervttusinaar.
584 4025 817 4088 nocturnobell'o:
831 4025 903 4080 idem
916 4026 1082 4082 Plutarchus.
