<?xml version="1.0" encoding="UTF-8"?>
<!DOCTYPE html PUBLIC "-//W3C//DTD XHTML 1.0 Transitional//EN"
    "http://www.w3.org/TR/xhtml1/DTD/xhtml1-transitional.dtd">
<html xmlns="http://www.w3.org/1999/xhtml" xml:lang="en" lang="en">
 <head>
  <title>
</title>
<meta http-equiv="Content-Type" content="text/html;charset=utf-8" />
  <meta name='ocr-system' content='tesseract 3.04.00' />
  <meta name='ocr-capabilities' content='ocr_page ocr_carea ocr_par ocr_line ocrx_word'/>
</head>
<body>
  <div class='ocr_page' id='page_1' title='image "./pvirgiliusmaroq06barbgoog_0184.png"; bbox 0 0 2704 4582; ppageno 0'>
   <div class='ocr_carea' id='block_1_1' title="bbox 232 256 939 343">
    <p class='ocr_par' dir='ltr' id='par_1_1' title="bbox 232 256 939 343">
     <span class='ocr_line' id='line_1_1' title="bbox 232 256 939 343; baseline -0.001 -24"><span class='ocrx_word' id='word_1_1' title='bbox 232 280 291 343; x_wconf 89' lang='lat'><strong>170</strong></span> <span class='ocrx_word' id='word_1_2' title='bbox 556 256 939 322; x_wconf 79' lang='lat' dir='ltr'><strong>COMtnENTARta</strong></span> 
     </span>
    </p>
   </div>
   <div class='ocr_carea' id='block_1_2' title="bbox 135 379 1344 3891">
    <p class='ocr_par' dir='ltr' id='par_1_2' title="bbox 224 379 1286 548">
     <span class='ocr_line' id='line_1_2' title="bbox 226 379 1286 461; baseline 0 -23"><span class='ocrx_word' id='word_1_3' title='bbox 226 400 339 459; x_wconf 84' lang='lat' dir='ltr'>cycnos</span> <span class='ocrx_word' id='word_1_4' title='bbox 360 401 455 461; x_wconf 89' lang='lat' dir='ltr'><strong>quum</strong></span> <span class='ocrx_word' id='word_1_5' title='bbox 475 380 514 440; x_wconf 88' lang='lat' dir='ltr'><strong>ad</strong></span> <span class='ocrx_word' id='word_1_6' title='bbox 531 379 686 440; x_wconf 83' lang='lat' dir='ltr'><strong>Padusam</strong></span> <span class='ocrx_word' id='word_1_7' title='bbox 705 391 906 460; x_wconf 81' lang='lat' dir='ltr'>constrepunt</span> <span class='ocrx_word' id='word_1_8' title='bbox 921 399 1016 438; x_wconf 90' lang='lat' dir='ltr'><strong>rauco</strong></span> <span class='ocrx_word' id='word_1_9' title='bbox 1036 382 1158 454; x_wconf 91' lang='lat' dir='ltr'><strong>sonitu,</strong></span> <span class='ocrx_word' id='word_1_10' title='bbox 1177 379 1286 439; x_wconf 81' lang='lat' dir='ltr'><strong>talem</strong></span> 
     </span>
     <span class='ocr_line' id='line_1_3' title="bbox 224 465 822 548; baseline 0.003 -24"><span class='ocrx_word' id='word_1_11' title='bbox 224 481 300 548; x_wconf 88' lang='lat' dir='ltr'><strong>puta</strong></span> <span class='ocrx_word' id='word_1_12' title='bbox 316 465 399 526; x_wconf 90' lang='lat' dir='ltr'><strong>hunc</strong></span> <span class='ocrx_word' id='word_1_13' title='bbox 415 468 585 528; x_wconf 84' lang='lat' dir='ltr'>dissensum</span> <span class='ocrx_word' id='word_1_14' title='bbox 600 482 631 528; x_wconf 89' lang='lat' dir='ltr'><strong>ct</strong></span> <span class='ocrx_word' id='word_1_15' title='bbox 644 467 822 527; x_wconf 83' lang='lat' dir='ltr'><strong>clamorem.</strong></span> 
     </span>
    </p>

    <p class='ocr_par' dir='ltr' id='par_1_3' title="bbox 135 554 1344 2421">
     <span class='ocr_line' id='line_1_4' title="bbox 264 554 1288 639; baseline 0.002 -25"><span class='ocrx_word' id='word_1_16' title='bbox 264 554 333 637; x_wconf 75' lang='grc'><strong>459.</strong></span> <span class='ocrx_word' id='word_1_17' title='bbox 356 557 573 618; x_wconf 83' lang='lat' dir='ltr'><strong>Exultabunde</strong></span> <span class='ocrx_word' id='word_1_18' title='bbox 594 557 660 619; x_wconf 82' lang='lat' dir='ltr'><strong>haec</strong></span> <span class='ocrx_word' id='word_1_19' title='bbox 680 560 818 632; x_wconf 87' lang='lat' dir='ltr'><strong>Turnus,</strong></span> <span class='ocrx_word' id='word_1_20' title='bbox 838 559 993 639; x_wconf 75' lang='lat' dir='ltr'><strong>egregiam</strong></span> <span class='ocrx_word' id='word_1_21' title='bbox 1012 569 1120 617; x_wconf 89' lang='lat' dir='ltr'><strong>nactus</strong></span> <span class='ocrx_word' id='word_1_22' title='bbox 1139 557 1288 617; x_wconf 90' lang='lat' dir='ltr'><strong>occasio-</strong></span> 
     </span>
     <span class='ocr_line' id='line_1_5' title="bbox 135 643 1290 729; baseline 0.003 -29"><span class='ocrx_word' id='word_1_23' title='bbox 135 718 141 729; x_wconf 39' lang='lat'><strong>,</strong></span> <span class='ocrx_word' id='word_1_24' title='bbox 225 662 315 718; x_wconf 89' lang='lat' dir='ltr'><strong>nem·;</strong></span> <span class='ocrx_word' id='word_1_25' title='bbox 332 643 529 725; x_wconf 81' lang='lat' dir='ltr'><strong>reprehendit</strong></span> <span class='ocrx_word' id='word_1_26' title='bbox 543 649 626 704; x_wconf 90' lang='lat' dir='ltr'><strong>enim</strong></span> <span class='ocrx_word' id='word_1_27' title='bbox 640 645 729 720; x_wconf 92' lang='lat' dir='ltr'><strong>illos,</strong></span> <span class='ocrx_word' id='word_1_28' title='bbox 741 646 795 724; x_wconf 90' lang='lat' dir='ltr'><strong>qui</strong></span> <span class='ocrx_word' id='word_1_29' title='bbox 810 643 949 704; x_wconf 86' lang='lat' dir='ltr'><strong>sederent</strong></span> <span class='ocrx_word' id='word_1_30' title='bbox 964 648 995 702; x_wconf 90' lang='lat' dir='ltr'><strong>in</strong></span> <span class='ocrx_word' id='word_1_31' title='bbox 1011 643 1166 720; x_wconf 76' lang='lat' dir='ltr'><strong>conciliis,</strong></span> <span class='ocrx_word' id='word_1_32' title='bbox 1180 656 1211 703; x_wconf 90' lang='lat' dir='ltr'><strong>et</strong></span> <span class='ocrx_word' id='word_1_33' title='bbox 1224 665 1290 724; x_wconf 88' lang='lat' dir='ltr'><strong>pa·</strong></span> 
     </span>
     <span class='ocr_line' id='line_1_6' title="bbox 226 733 1289 818; baseline 0.002 -28"><span class='ocrx_word' id='word_1_34' title='bbox 226 753 292 791; x_wconf 87' lang='lat' dir='ltr'><strong>cem</strong></span> <span class='ocrx_word' id='word_1_35' title='bbox 315 733 498 812; x_wconf 87' lang='lat' dir='ltr'><strong>laudarent,</strong></span> <span class='ocrx_word' id='word_1_36' title='bbox 526 738 622 818; x_wconf 80' lang='lat' dir='ltr'><strong>quum</strong></span> <span class='ocrx_word' id='word_1_37' title='bbox 647 733 744 794; x_wconf 89' lang='lat' dir='ltr'><strong>hostis</strong></span> <span class='ocrx_word' id='word_1_38' title='bbox 767 735 892 794; x_wconf 85' lang='lat' dir='ltr'><strong>interim</strong></span> <span class='ocrx_word' id='word_1_39' title='bbox 917 749 1018 794; x_wconf 87' lang='lat' dir='ltr'><strong>rueret</strong></span> <span class='ocrx_word' id='word_1_40' title='bbox 1037 734 1075 793; x_wconf 92' lang='lat' dir='ltr'><strong>ad</strong></span> <span class='ocrx_word' id='word_1_41' title='bbox 1098 733 1289 816; x_wconf 85' lang='lat' dir='ltr'><strong>arripienda</strong></span> 
     </span>
     <span class='ocr_line' id='line_1_7' title="bbox 226 823 1289 906; baseline 0.002 -26"><span class='ocrx_word' id='word_1_42' title='bbox 226 842 338 902; x_wconf 77' lang='lat' dir='ltr'><strong>regna:</strong></span> <span class='ocrx_word' id='word_1_43' title='bbox 352 829 452 884; x_wconf 87' lang='lat' dir='ltr'><strong>statim</strong></span> <span class='ocrx_word' id='word_1_44' title='bbox 467 847 496 884; x_wconf 92' lang='lat' dir='ltr'><strong>se</strong></span> <span class='ocrx_word' id='word_1_45' title='bbox 514 825 587 884; x_wconf 88' lang='lat' dir='ltr'><strong>inde</strong></span> <span class='ocrx_word' id='word_1_46' title='bbox 600 845 694 905; x_wconf 88' lang='lat' dir='ltr'><strong>qnam</strong></span> <span class='ocrx_word' id='word_1_47' title='bbox 709 824 866 884; x_wconf 85' lang='lat' dir='ltr'><strong>celerrime</strong></span> <span class='ocrx_word' id='word_1_48' title='bbox 878 825 1028 906; x_wconf 83' lang='lat' dir='ltr'><strong>proripit,</strong></span> <span class='ocrx_word' id='word_1_49' title='bbox 1041 845 1172 904; x_wconf 88' lang='lat' dir='ltr'><strong>suosque</strong></span> <span class='ocrx_word' id='word_1_50' title='bbox 1184 823 1289 882; x_wconf 87' lang='lat' dir='ltr'><strong>duces</strong></span> 
     </span>
     <span class='ocr_line' id='line_1_8' title="bbox 225 906 1288 992; baseline 0.004 -27"><span class='ocrx_word' id='word_1_51' title='bbox 225 906 379 988; x_wconf 81' lang='lat' dir='ltr'><strong>disponit,</strong></span> <span class='ocrx_word' id='word_1_52' title='bbox 396 926 431 970; x_wconf 94' lang='lat' dir='ltr'><strong>ut</strong></span> <span class='ocrx_word' id='word_1_53' title='bbox 443 913 593 992; x_wconf 76' lang='lat' dir='ltr'><strong>angustiae</strong></span> <span class='ocrx_word' id='word_1_54' title='bbox 606 913 755 992; x_wconf 89' lang='lat' dir='ltr'><strong>temporis</strong></span> <span class='ocrx_word' id='word_1_55' title='bbox 767 913 938 992; x_wconf 82' lang='lat' dir='ltr'><strong>patiuntur.</strong></span> <span class='ocrx_word' id='word_1_56' title='bbox 950 912 1068 970; x_wconf 90' lang='lat' dir='ltr'><strong>Voluso</strong></span> <span class='ocrx_word' id='word_1_57' title='bbox 1084 910 1228 980; x_wconf 89' lang='lat' dir='ltr'><strong>mandat,</strong></span> <span class='ocrx_word' id='word_1_58' title='bbox 1246 923 1288 969; x_wconf 89' lang='lat' dir='ltr'><strong>ut</strong></span> 
     </span>
     <span class='ocr_line' id='line_1_9' title="bbox 225 999 1287 1082; baseline 0.004 -30"><span class='ocrx_word' id='word_1_59' title='bbox 225 1010 383 1056; x_wconf 87' lang='lat' dir='ltr'><strong>armentur</strong></span> <span class='ocrx_word' id='word_1_60' title='bbox 397 1000 516 1058; x_wconf 86' lang='lat' dir='ltr'><strong>Volsci:</strong></span> <span class='ocrx_word' id='word_1_61' title='bbox 532 1000 691 1080; x_wconf 81' lang='lat' dir='ltr'><strong>Messapo,</strong></span> <span class='ocrx_word' id='word_1_62' title='bbox 708 1013 741 1057; x_wconf 92' lang='lat' dir='ltr'><strong>ut</strong></span> <span class='ocrx_word' id='word_1_63' title='bbox 758 999 852 1057; x_wconf 87' lang='lat' dir='ltr'><strong>ducat</strong></span> <span class='ocrx_word' id='word_1_64' title='bbox 866 1001 899 1056; x_wconf 90' lang='lat' dir='ltr'><strong>in</strong></span> <span class='ocrx_word' id='word_1_65' title='bbox 918 999 1016 1058; x_wconf 88' lang='lat' dir='ltr'><strong>aciem</strong></span> <span class='ocrx_word' id='word_1_66' title='bbox 1034 1012 1169 1058; x_wconf 89' lang='lat' dir='ltr'><strong>armatos</strong></span> <span class='ocrx_word' id='word_1_67' title='bbox 1187 999 1287 1082; x_wconf 89' lang='lat' dir='ltr'><strong>equi-</strong></span> 
     </span>
     <span class='ocr_line' id='line_1_10' title="bbox 224 1085 1288 1168; baseline 0.005 -27"><span class='ocrx_word' id='word_1_68' title='bbox 224 1097 284 1142; x_wconf 89' lang='lat' dir='ltr'><strong>tes:</strong></span> <span class='ocrx_word' id='word_1_69' title='bbox 301 1085 405 1161; x_wconf 83' lang='lat' dir='ltr'><strong>Corae,</strong></span> <span class='ocrx_word' id='word_1_70' title='bbox 422 1100 451 1146; x_wconf 90' lang='lat' dir='ltr'><strong>et</strong></span> <span class='ocrx_word' id='word_1_71' title='bbox 466 1087 580 1148; x_wconf 89' lang='lat' dir='ltr'><strong>Catillo</strong></span> <span class='ocrx_word' id='word_1_72' title='bbox 595 1085 755 1164; x_wconf 90' lang='lat' dir='ltr'><strong>fratribus,</strong></span> <span class='ocrx_word' id='word_1_73' title='bbox 769 1101 804 1148; x_wconf 89' lang='lat' dir='ltr'><strong>ut</strong></span> <span class='ocrx_word' id='word_1_74' title='bbox 816 1087 952 1168; x_wconf 84' lang='lat' dir='ltr'><strong>peditem</strong></span> <span class='ocrx_word' id='word_1_75' title='bbox 965 1089 1079 1168; x_wconf 84' lang='lat' dir='ltr'><strong>partim</strong></span> <span class='ocrx_word' id='word_1_76' title='bbox 1094 1085 1288 1146; x_wconf 84' lang='lat' dir='ltr'><strong>diffundant</strong></span> 
     </span>
     <span class='ocr_line' id='line_1_11' title="bbox 224 1177 1288 1259; baseline 0.006 -29"><span class='ocrx_word' id='word_1_77' title='bbox 224 1193 280 1254; x_wconf 90' lang='lat' dir='ltr'><strong>per</strong></span> <span class='ocrx_word' id='word_1_78' title='bbox 294 1194 421 1256; x_wconf 90' lang='lat' dir='ltr'><strong>campos</strong></span> <span class='ocrx_word' id='word_1_79' title='bbox 436 1177 475 1236; x_wconf 94' lang='lat' dir='ltr'><strong>ad</strong></span> <span class='ocrx_word' id='word_1_80' title='bbox 491 1179 623 1259; x_wconf 90' lang='lat' dir='ltr'><strong>speciem</strong></span> <span class='ocrx_word' id='word_1_81' title='bbox 638 1178 745 1256; x_wconf 81' lang='lat' dir='ltr'><strong>magni</strong></span> <span class='ocrx_word' id='word_1_82' title='bbox 762 1179 896 1257; x_wconf 81' lang='lat' dir='ltr'><strong>agminis</strong></span> <span class='ocrx_word' id='word_1_83' title='bbox 911 1177 1128 1236; x_wconf 83' lang='lat' dir='ltr'><strong>ostentandam</strong></span> <span class='ocrx_word' id='word_1_84' title='bbox 1140 1177 1288 1256; x_wconf 57' lang='lat' dir='ltr'><strong>ppartim</strong></span> 
     </span>
     <span class='ocr_line' id='line_1_12' title="bbox 225 1263 1287 1346; baseline 0.004 -27"><span class='ocrx_word' id='word_1_85' title='bbox 225 1277 378 1324; x_wconf 89' lang='lat' dir='ltr'><strong>reservent</strong></span> <span class='ocrx_word' id='word_1_86' title='bbox 393 1265 432 1324; x_wconf 89' lang='lat' dir='ltr'><strong>ad</strong></span> <span class='ocrx_word' id='word_1_87' title='bbox 447 1265 618 1324; x_wconf 84' lang='lat' dir='ltr'><strong>firmandos</strong></span> <span class='ocrx_word' id='word_1_88' title='bbox 633 1263 719 1324; x_wconf 89' lang='lat' dir='ltr'><strong>urbis</strong></span> <span class='ocrx_word' id='word_1_89' title='bbox 735 1265 854 1338; x_wconf 90' lang='lat' dir='ltr'><strong>aditus,</strong></span> <span class='ocrx_word' id='word_1_90' title='bbox 873 1278 903 1324; x_wconf 90' lang='lat' dir='ltr'><strong>et</strong></span> <span class='ocrx_word' id='word_1_91' title='bbox 917 1265 1112 1346; x_wconf 88' lang='lat' dir='ltr'><strong>occupandas</strong></span> <span class='ocrx_word' id='word_1_92' title='bbox 1127 1279 1228 1324; x_wconf 87' lang='lat' dir='ltr'><strong>turres</strong></span> <span class='ocrx_word' id='word_1_93' title='bbox 1246 1285 1287 1323; x_wconf 91' lang='lat' dir='ltr'><strong>ac</strong></span> 
     </span>
     <span class='ocr_line' id='line_1_13' title="bbox 223 1353 1287 1437; baseline 0.003 -29"><span class='ocrx_word' id='word_1_94' title='bbox 223 1354 477 1433; x_wconf 83' lang='lat' dir='ltr'><strong>propugnacula:</strong></span> <span class='ocrx_word' id='word_1_95' title='bbox 491 1369 612 1437; x_wconf 91' lang='lat' dir='ltr'><strong>partem</strong></span> <span class='ocrx_word' id='word_1_96' title='bbox 625 1376 721 1437; x_wconf 92' lang='lat' dir='ltr'><strong>porro</strong></span> <span class='ocrx_word' id='word_1_97' title='bbox 735 1355 887 1436; x_wconf 90' lang='lat' dir='ltr'><strong>reliquam</strong></span> <span class='ocrx_word' id='word_1_98' title='bbox 901 1353 961 1414; x_wconf 89' lang='lat' dir='ltr'><strong>sibi</strong></span> <span class='ocrx_word' id='word_1_99' title='bbox 975 1356 1117 1430; x_wconf 83' lang='lat' dir='ltr'><strong>assumit,</strong></span> <span class='ocrx_word' id='word_1_100' title='bbox 1132 1366 1166 1414; x_wconf 91' lang='lat' dir='ltr'><strong>ut</strong></span> <span class='ocrx_word' id='word_1_101' title='bbox 1181 1375 1213 1414; x_wconf 87' lang='lat' dir='ltr'><strong>se</strong></span> <span class='ocrx_word' id='word_1_102' title='bbox 1225 1353 1287 1412; x_wconf 89' lang='lat' dir='ltr'><strong>illa</strong></span> 
     </span>
     <span class='ocr_line' id='line_1_14' title="bbox 223 1441 1287 1527; baseline 0.003 -28"><span class='ocrx_word' id='word_1_103' title='bbox 223 1441 258 1500; x_wconf 91' lang='lat' dir='ltr'><strong>in</strong></span> <span class='ocrx_word' id='word_1_104' title='bbox 274 1463 399 1504; x_wconf 90' lang='lat' dir='ltr'><strong>ornnem</strong></span> <span class='ocrx_word' id='word_1_105' title='bbox 415 1458 559 1505; x_wconf 84' lang='lat' dir='ltr'><strong>eventum</strong></span> <span class='ocrx_word' id='word_1_106' title='bbox 575 1459 733 1527; x_wconf 88' lang='lat' dir='ltr'><strong>sequatur.</strong></span> <span class='ocrx_word' id='word_1_107' title='bbox 748 1445 888 1527; x_wconf 84' lang='lat' dir='ltr'><strong>Explicni</strong></span> <span class='ocrx_word' id='word_1_108' title='bbox 904 1446 977 1518; x_wconf 87' lang='lat' dir='ltr'><strong>ista,</strong></span> <span class='ocrx_word' id='word_1_109' title='bbox 993 1457 1028 1505; x_wconf 91' lang='lat' dir='ltr'><strong>ut</strong></span> <span class='ocrx_word' id='word_1_110' title='bbox 1042 1445 1164 1520; x_wconf 83' lang='lat' dir='ltr'><strong>vidisti3</strong></span> <span class='ocrx_word' id='word_1_111' title='bbox 1182 1443 1287 1520; x_wconf 90' lang='lat' dir='ltr'><strong>alins,</strong></span> 
     </span>
     <span class='ocr_line' id='line_1_15' title="bbox 224 1534 1286 1618; baseline 0.002 -27"><span class='ocrx_word' id='word_1_112' title='bbox 224 1545 260 1591; x_wconf 90' lang='lat' dir='ltr'><strong>ut</strong></span> <span class='ocrx_word' id='word_1_113' title='bbox 273 1535 371 1594; x_wconf 89' lang='lat' dir='ltr'><strong>volet:</strong></span> <span class='ocrx_word' id='word_1_114' title='bbox 386 1548 465 1596; x_wconf 86' lang='lat' dir='ltr'><strong>certe</strong></span> <span class='ocrx_word' id='word_1_115' title='bbox 481 1538 514 1596; x_wconf 93' lang='lat' dir='ltr'><strong>in</strong></span> <span class='ocrx_word' id='word_1_116' title='bbox 526 1549 616 1618; x_wconf 87' lang='lat' dir='ltr'><strong>poeta</strong></span> <span class='ocrx_word' id='word_1_117' title='bbox 631 1536 762 1596; x_wconf 85' lang='lat' dir='ltr'><strong>confusa</strong></span> <span class='ocrx_word' id='word_1_118' title='bbox 775 1534 841 1596; x_wconf 82' lang='lat' dir='ltr'><strong>haec</strong></span> <span class='ocrx_word' id='word_1_119' title='bbox 853 1551 945 1611; x_wconf 81' lang='lat' dir='ltr'><strong>sunt,</strong></span> <span class='ocrx_word' id='word_1_120' title='bbox 955 1535 1006 1596; x_wconf 89' lang='lat' dir='ltr'><strong>sed</strong></span> <span class='ocrx_word' id='word_1_121' title='bbox 1020 1535 1150 1596; x_wconf 89' lang='lat' dir='ltr'><strong>confusa</strong></span> <span class='ocrx_word' id='word_1_122' title='bbox 1165 1557 1199 1594; x_wconf 83' lang='lat' dir='ltr'><strong>ex</strong></span> <span class='ocrx_word' id='word_1_123' title='bbox 1215 1547 1286 1594; x_wconf 92' lang='lat' dir='ltr'><strong>stu·</strong></span> 
     </span>
     <span class='ocr_line' id='line_1_16' title="bbox 226 1621 1286 1708; baseline 0.002 -28"><span class='ocrx_word' id='word_1_124' title='bbox 226 1621 279 1684; x_wconf 90' lang='lat' dir='ltr'><strong>dio</strong></span> <span class='ocrx_word' id='word_1_125' title='bbox 299 1625 337 1683; x_wconf 89' lang='lat' dir='ltr'><strong>ad</strong></span> <span class='ocrx_word' id='word_1_126' title='bbox 358 1625 560 1689; x_wconf 88' lang='lat' dir='ltr'><strong>indicandam</strong></span> <span class='ocrx_word' id='word_1_127' title='bbox 580 1628 856 1708; x_wconf 76' lang='lat' dir='ltr'><strong>praecipitantium,</strong></span> <span class='ocrx_word' id='word_1_128' title='bbox 873 1633 934 1707; x_wconf 88' lang='lat' dir='ltr'><strong>q&#39;na</strong></span> <span class='ocrx_word' id='word_1_129' title='bbox 951 1629 1074 1686; x_wconf 89' lang='lat' dir='ltr'><strong>Turnus</strong></span> <span class='ocrx_word' id='word_1_130' title='bbox 1087 1623 1153 1686; x_wconf 81' lang='lat' dir='ltr'><strong>haec</strong></span> <span class='ocrx_word' id='word_1_131' title='bbox 1170 1625 1286 1684; x_wconf 83' lang='lat' dir='ltr'><strong>omnia</strong></span> 
     </span>
     <span class='ocr_line' id='line_1_17' title="bbox 225 1713 1285 1798; baseline 0.001 -27"><span class='ocrx_word' id='word_1_132' title='bbox 225 1729 387 1774; x_wconf 90' lang='lat' dir='ltr'><strong>momento</strong></span> <span class='ocrx_word' id='word_1_133' title='bbox 403 1719 557 1798; x_wconf 82' lang='lat' dir='ltr'><strong>¹temporis</strong></span> <span class='ocrx_word' id='word_1_134' title='bbox 580 1717 738 1798; x_wconf 82' lang='lat' dir='ltr'><strong>praestitit,</strong></span> <span class='ocrx_word' id='word_1_135' title='bbox 756 1728 883 1776; x_wconf 85' lang='lat' dir='ltr'><strong>vocatus</strong></span> <span class='ocrx_word' id='word_1_136' title='bbox 902 1714 1004 1774; x_wconf 91' lang='lat' dir='ltr'><strong>subito</strong></span> <span class='ocrx_word' id='word_1_137' title='bbox 1027 1736 1062 1774; x_wconf 88' lang='lat' dir='ltr'><strong>ex</strong></span> <span class='ocrx_word' id='word_1_138' title='bbox 1084 1715 1219 1775; x_wconf 87' lang='lat' dir='ltr'><strong>concilio</strong></span> <span class='ocrx_word' id='word_1_139' title='bbox 1241 1713 1285 1773; x_wconf 88' lang='lat' dir='ltr'><strong>ad</strong></span> 
     </span>
     <span class='ocr_line' id='line_1_18' title="bbox 225 1805 1286 1886; baseline 0 -24"><span class='ocrx_word' id='word_1_140' title='bbox 225 1824 321 1864; x_wconf 86' lang='lat' dir='ltr'><strong>arma.</strong></span> <span class='ocrx_word' id='word_1_141' title='bbox 344 1806 422 1864; x_wconf 86' lang='lat' dir='ltr'><strong>Dixi</strong></span> <span class='ocrx_word' id='word_1_142' title='bbox 437 1808 524 1868; x_wconf 81' lang='lat' dir='ltr'><strong>Corae</strong></span> <span class='ocrx_word' id='word_1_143' title='bbox 546 1818 576 1866; x_wconf 89' lang='lat' dir='ltr'><strong>et</strong></span> <span class='ocrx_word' id='word_1_144' title='bbox 594 1806 708 1866; x_wconf 87' lang='lat' dir='ltr'><strong>Catillo</strong></span> <span class='ocrx_word' id='word_1_145' title='bbox 728 1805 1008 1886; x_wconf 85' lang='lat' dir='ltr'><strong>datum-peditem,</strong></span> <span class='ocrx_word' id='word_1_146' title='bbox 1026 1807 1168 1886; x_wconf 84' lang='lat' dir='ltr'><strong>quamvis</strong></span> <span class='ocrx_word' id='word_1_147' title='bbox 1186 1816 1286 1886; x_wconf 85' lang='lat' dir='ltr'><strong>poeta</strong></span> 
     </span>
     <span class='ocr_line' id='line_1_19' title="bbox 228 1890 1284 1975; baseline 0.002 -27"><span class='ocrx_word' id='word_1_148' title='bbox 228 1890 380 1952; x_wconf 89' lang='lat' dir='ltr'><strong>abstineat</strong></span> <span class='ocrx_word' id='word_1_149' title='bbox 395 1893 433 1952; x_wconf 93' lang='lat' dir='ltr'><strong>ab</strong></span> <span class='ocrx_word' id='word_1_150' title='bbox 449 1893 507 1954; x_wconf 92' lang='lat' dir='ltr'><strong>hac</strong></span> <span class='ocrx_word' id='word_1_151' title='bbox 522 1915 612 1969; x_wconf 88' lang='lat' dir='ltr'><strong>voce,</strong></span> <span class='ocrx_word' id='word_1_152' title='bbox 629 1907 664 1954; x_wconf 93' lang='lat' dir='ltr'><strong>ut</strong></span> <span class='ocrx_word' id='word_1_153' title='bbox 679 1895 835 1975; x_wconf 90' lang='lat' dir='ltr'><strong>oppositio</strong></span> <span class='ocrx_word' id='word_1_154' title='bbox 851 1893 960 1954; x_wconf 80' lang='lat' dir='ltr'><strong>fiatad</strong></span> <span class='ocrx_word' id='word_1_155' title='bbox 975 1895 1110 1974; x_wconf 86' lang='lat' dir='ltr'><strong>equitem</strong></span> <span class='ocrx_word' id='word_1_156' title='bbox 1126 1893 1262 1972; x_wconf 81' lang='lat' dir='ltr'><strong>Messapi</strong></span> <span class='ocrx_word' id='word_1_157' title='bbox 1277 1915 1284 1950; x_wconf 92' lang='lat'>:</span> 
     </span>
     <span class='ocr_line' id='line_1_20' title="bbox 227 1977 1344 2064; baseline 0.002 -28"><span class='ocrx_word' id='word_1_158' title='bbox 227 1977 279 2037; x_wconf 88' lang='lat' dir='ltr'><strong>sed</strong></span> <span class='ocrx_word' id='word_1_159' title='bbox 297 1987 444 2062; x_wconf 74' lang='lat' dir='ltr'><strong>angustiae</strong></span> <span class='ocrx_word' id='word_1_160' title='bbox 462 1981 529 2043; x_wconf 87' lang='lat' dir='ltr'><strong>non</strong></span> <span class='ocrx_word' id='word_1_161' title='bbox 543 2004 640 2064; x_wconf 87' lang='lat' dir='ltr'><strong>passae</strong></span> <span class='ocrx_word' id='word_1_162' title='bbox 656 1983 777 2064; x_wconf 79' lang='lat' dir='ltr'><strong>integra</strong></span> <span class='ocrx_word' id='word_1_163' title='bbox 791 1986 932 2042; x_wconf 88' lang='lat' dir='ltr'><strong>Turnum</strong></span> <span class='ocrx_word' id='word_1_164' title='bbox 948 1983 1045 2063; x_wconf 85' lang='lat' dir='ltr'><strong>loqui.</strong></span> <span class='ocrx_word' id='word_1_165' title='bbox 1061 1987 1096 2042; x_wconf 86' lang='grc' dir='ltr'><strong>Τὸ</strong></span> <span class='ocrx_word' id='word_1_166' title='bbox 1112 1981 1207 2055; x_wconf 83' lang='lat' dir='ltr'><strong>edice,</strong></span> <span class='ocrx_word' id='word_1_167' title='bbox 1220 1999 1284 2061; x_wconf 86' lang='lat' dir='ltr'><strong>pro</strong></span> <span class='ocrx_word' id='word_1_168' title='bbox 1343 2017 1344 2020; x_wconf 60' lang='lat'><em>=</em></span> 
     </span>
     <span class='ocr_line' id='line_1_21' title="bbox 227 2067 1284 2156; baseline 0 -28"><span class='ocrx_word' id='word_1_169' title='bbox 227 2067 309 2128; x_wconf 86' lang='lat' dir='ltr'><strong>edic:</strong></span> <span class='ocrx_word' id='word_1_170' title='bbox 325 2083 440 2132; x_wconf 86' lang='lat' dir='ltr'><strong>veteres</strong></span> <span class='ocrx_word' id='word_1_171' title='bbox 455 2075 541 2132; x_wconf 88' lang='lat' dir='ltr'><strong>enim</strong></span> <span class='ocrx_word' id='word_1_172' title='bbox 550 2073 626 2146; x_wconf 86' lang='lat' dir='ltr'><strong>dice,</strong></span> <span class='ocrx_word' id='word_1_173' title='bbox 641 2072 728 2146; x_wconf 76' lang='lat' dir='ltr'><strong>duce,</strong></span> <span class='ocrx_word' id='word_1_174' title='bbox 734 2074 824 2156; x_wconf 76' lang='lat' dir='ltr'><strong>foce,</strong></span> <span class='ocrx_word' id='word_1_175' title='bbox 836 2073 888 2132; x_wconf 91' lang='lat' dir='ltr'><strong>sed</strong></span> <span class='ocrx_word' id='word_1_176' title='bbox 901 2073 1084 2132; x_wconf 83' lang='lat' dir='ltr'><strong>recentiores</strong></span> <span class='ocrx_word' id='word_1_177' title='bbox 1097 2092 1151 2152; x_wconf 90' lang='lat' dir='ltr'><strong>per</strong></span> <span class='ocrx_word' id='word_1_178' title='bbox 1163 2089 1284 2152; x_wconf 84' lang='lat' dir='ltr'><strong>apoco-</strong></span> 
     </span>
     <span class='ocr_line' id='line_1_22' title="bbox 225 2156 1192 2244; baseline 0.006 -30"><span class='ocrx_word' id='word_1_179' title='bbox 225 2176 287 2236; x_wconf 85' lang='lat' dir='ltr'><strong>pen</strong></span> <span class='ocrx_word' id='word_1_180' title='bbox 302 2156 363 2230; x_wconf 74' lang='lat' dir='ltr'><strong>dic,</strong></span> <span class='ocrx_word' id='word_1_181' title='bbox 376 2158 446 2234; x_wconf 84' lang='lat' dir='ltr'><strong>duc,</strong></span> <span class='ocrx_word' id='word_1_182' title='bbox 455 2160 525 2244; x_wconf 85' lang='lat' dir='ltr'><strong>fuc‚·</strong></span> <span class='ocrx_word' id='word_1_183' title='bbox 537 2163 566 2222; x_wconf 80' lang='grc' dir='ltr'><strong>τὸ</strong></span> <span class='ocrx_word' id='word_1_184' title='bbox 573 2157 671 2242; x_wconf 84' lang='lat' dir='ltr'><strong>jusso,</strong></span> <span class='ocrx_word' id='word_1_185' title='bbox 689 2182 744 2241; x_wconf 92' lang='lat' dir='ltr'><strong>pro</strong></span> <span class='ocrx_word' id='word_1_186' title='bbox 759 2159 884 2240; x_wconf 86' lang='lat' dir='ltr'><strong>jussero.</strong></span> <span class='ocrx_word' id='word_1_187' title='bbox 1187 2221 1192 2226; x_wconf 83' lang='grc'><strong>,</strong></span> 
     </span>
     <span class='ocr_line' id='line_1_23' title="bbox 230 2242 1285 2332; baseline 0 -26"><span class='ocrx_word' id='word_1_188' title='bbox 230 2254 233 2260; x_wconf 76' lang='grc'>’</span> <span class='ocrx_word' id='word_1_189' title='bbox 265 2242 333 2318; x_wconf 83' lang='grc'><strong>468.</strong></span> <span class='ocrx_word' id='word_1_190' title='bbox 349 2248 464 2308; x_wconf 84' lang='lat' dir='ltr'><strong>Omnia</strong></span> <span class='ocrx_word' id='word_1_191' title='bbox 478 2248 559 2310; x_wconf 88' lang='lat' dir='ltr'><strong>finnt</strong></span> <span class='ocrx_word' id='word_1_192' title='bbox 573 2251 705 2331; x_wconf 88' lang='lat' dir='ltr'><strong>raptim:</strong></span> <span class='ocrx_word' id='word_1_193' title='bbox 718 2246 897 2324; x_wconf 71' lang='lat' dir='ltr'><strong>disternitur,</strong></span> <span class='ocrx_word' id='word_1_194' title='bbox 914 2263 943 2310; x_wconf 91' lang='lat' dir='ltr'><strong>et</strong></span> <span class='ocrx_word' id='word_1_195' title='bbox 958 2263 1015 2332; x_wconf 89' lang='lat' dir='ltr'><strong>tota</strong></span> <span class='ocrx_word' id='word_1_196' title='bbox 1028 2247 1110 2322; x_wconf 81' lang='lat' dir='ltr'><strong>urbe,</strong></span> <span class='ocrx_word' id='word_1_197' title='bbox 1123 2261 1153 2306; x_wconf 89' lang='lat' dir='ltr'><strong>et</strong></span> <span class='ocrx_word' id='word_1_198' title='bbox 1168 2249 1199 2304; x_wconf 77' lang='lat' dir='ltr'><strong>ia</strong></span> <span class='ocrx_word' id='word_1_199' title='bbox 1214 2265 1285 2306; x_wconf 81' lang='lat' dir='ltr'><strong>mn·</strong></span> 
     </span>
     <span class='ocr_line' id='line_1_24' title="bbox 225 2336 1284 2421; baseline -0.002 -25"><span class='ocrx_word' id='word_1_200' title='bbox 225 2355 271 2396; x_wconf 88' lang='lat' dir='ltr'><strong>ros</strong></span> <span class='ocrx_word' id='word_1_201' title='bbox 277 2361 289 2409; x_wconf 80' lang='lat'><strong>,-</strong></span> <span class='ocrx_word' id='word_1_202' title='bbox 303 2339 376 2418; x_wconf 88' lang='lat' dir='ltr'><strong>quia</strong></span> <span class='ocrx_word' id='word_1_203' title='bbox 392 2337 458 2398; x_wconf 83' lang='lat' dir='ltr'><strong>haec</strong></span> <span class='ocrx_word' id='word_1_204' title='bbox 470 2361 540 2421; x_wconf 91' lang='lat' dir='ltr'><strong>pars</strong></span> <span class='ocrx_word' id='word_1_205' title='bbox 554 2340 674 2400; x_wconf 87' lang='lat' dir='ltr'><strong>tuenda</strong></span> <span class='ocrx_word' id='word_1_206' title='bbox 688 2341 726 2399; x_wconf 93' lang='lat' dir='ltr'><strong>ab</strong></span> <span class='ocrx_word' id='word_1_207' title='bbox 740 2338 846 2414; x_wconf 84' lang='lat' dir='ltr'><strong>hoste3</strong></span> <span class='ocrx_word' id='word_1_208' title='bbox 861 2352 890 2398; x_wconf 89' lang='lat' dir='ltr'><strong>et</strong></span> <span class='ocrx_word' id='word_1_209' title='bbox 903 2339 934 2398; x_wconf 94' lang='lat' dir='ltr'><strong>id</strong></span> <span class='ocrx_word' id='word_1_210' title='bbox 948 2349 1135 2421; x_wconf 79' lang='lat' dir='ltr'><strong>praeceperat</strong></span> <span class='ocrx_word' id='word_1_211' title='bbox 1145 2336 1284 2395; x_wconf 86' lang='lat' dir='ltr'><strong>Turnus.</strong></span> 
     </span>
    </p>

    <p class='ocr_par' dir='ltr' id='par_1_4' title="bbox 217 2419 1288 2776">
     <span class='ocr_line' id='line_1_25' title="bbox 264 2419 1288 2510; baseline -0.004 -24"><span class='ocrx_word' id='word_1_212' title='bbox 264 2419 333 2503; x_wconf 76' lang='grc'><strong>409.</strong></span> <span class='ocrx_word' id='word_1_213' title='bbox 349 2429 423 2486; x_wconf 86' lang='lat' dir='ltr'><strong>Pars</strong></span> <span class='ocrx_word' id='word_1_214' title='bbox 438 2449 551 2510; x_wconf 78' lang='lat' dir='ltr'><strong>magna</strong></span> <span class='ocrx_word' id='word_1_215' title='bbox 566 2425 757 2488; x_wconf 88' lang='lat' dir='ltr'><strong>turbationis</strong></span> <span class='ocrx_word' id='word_1_216' title='bbox 772 2428 811 2487; x_wconf 89' lang='lat' dir='ltr'><strong>ad</strong></span> <span class='ocrx_word' id='word_1_217' title='bbox 827 2431 975 2488; x_wconf 86' lang='lat' dir='ltr'><strong>Latinum</strong></span> <span class='ocrx_word' id='word_1_218' title='bbox 992 2427 1157 2509; x_wconf 88' lang='lat' dir='ltr'><strong>pertinuit:</strong></span> <span class='ocrx_word' id='word_1_219' title='bbox 1177 2423 1288 2483; x_wconf 81' lang='lat' dir='ltr'><strong>deserit</strong></span> 
     </span>
     <span class='ocr_line' id='line_1_26' title="bbox 224 2512 1283 2600; baseline -0.001 -28"><span class='ocrx_word' id='word_1_220' title='bbox 224 2512 397 2588; x_wconf 82' lang='lat' dir='ltr'><strong>concilium,</strong></span> <span class='ocrx_word' id='word_1_221' title='bbox 411 2530 440 2577; x_wconf 91' lang='lat' dir='ltr'><strong>et</strong></span> <span class='ocrx_word' id='word_1_222' title='bbox 450 2539 560 2600; x_wconf 80' lang='lat' dir='ltr'><strong>maqna</strong></span> <span class='ocrx_word' id='word_1_223' title='bbox 573 2519 685 2599; x_wconf 86' lang='lat' dir='ltr'><strong>incepto</strong></span> <span class='ocrx_word' id='word_1_224' title='bbox 693 2563 705 2592; x_wconf 85' lang='grc'><strong>,.</strong></span> <span class='ocrx_word' id='word_1_225' title='bbox 714 2520 791 2600; x_wconf 88' lang='lat' dir='ltr'><strong>quia</strong></span> <span class='ocrx_word' id='word_1_226' title='bbox 805 2521 930 2598; x_wconf 88' lang='lat' dir='ltr'><strong>incepta</strong></span> <span class='ocrx_word' id='word_1_227' title='bbox 943 2517 1008 2578; x_wconf 86' lang='lat' dir='ltr'><strong>haec</strong></span> <span class='ocrx_word' id='word_1_228' title='bbox 1022 2531 1087 2577; x_wconf 86' lang='lat' dir='ltr'><strong>tota</strong></span> <span class='ocrx_word' id='word_1_229' title='bbox 1101 2516 1139 2575; x_wconf 92' lang='lat' dir='ltr'><strong>ad</strong></span> <span class='ocrx_word' id='word_1_230' title='bbox 1153 2535 1283 2595; x_wconf 90' lang='lat' dir='ltr'><strong>pacem,</strong></span> 
     </span>
     <span class='ocr_line' id='line_1_27' title="bbox 227 2599 1284 2688; baseline 0.001 -28"><span class='ocrx_word' id='word_1_231' title='bbox 227 2621 289 2680; x_wconf 87' lang='lat' dir='ltr'><strong>qua</strong></span> <span class='ocrx_word' id='word_1_232' title='bbox 306 2601 386 2677; x_wconf 81' lang='lat' dir='ltr'><strong>nihil.</strong></span> <span class='ocrx_word' id='word_1_233' title='bbox 403 2603 503 2685; x_wconf 89' lang='lat' dir='ltr'><strong>majus</strong></span> <span class='ocrx_word' id='word_1_234' title='bbox 523 2607 677 2686; x_wconf 87' lang='lat' dir='ltr'><strong>oppressis</strong></span> <span class='ocrx_word' id='word_1_235' title='bbox 695 2607 779 2670; x_wconf 90' lang='lat' dir='ltr'><strong>bello</strong></span> <span class='ocrx_word' id='word_1_236' title='bbox 798 2608 941 2682; x_wconf 78' lang='lat' dir='ltr'><strong>urbibus3</strong></span> <span class='ocrx_word' id='word_1_237' title='bbox 958 2621 988 2666; x_wconf 89' lang='lat' dir='ltr'><strong>et</strong></span> <span class='ocrx_word' id='word_1_238' title='bbox 1001 2625 1109 2688; x_wconf 88' lang='lat' dir='ltr'><strong>pacem</strong></span> <span class='ocrx_word' id='word_1_239' title='bbox 1126 2601 1208 2663; x_wconf 91' lang='lat' dir='ltr'><strong>hanc</strong></span> <span class='ocrx_word' id='word_1_240' title='bbox 1222 2599 1284 2685; x_wconf 84' lang='lat' dir='ltr'><strong>dif-</strong></span> 
     </span>
     <span class='ocr_line' id='line_1_28' title="bbox 217 2688 998 2776; baseline 0.008 -31"><span class='ocrx_word' id='word_1_241' title='bbox 217 2688 295 2769; x_wconf 79' lang='lat' dir='ltr'><strong>fert,</strong></span> <span class='ocrx_word' id='word_1_242' title='bbox 310 2691 381 2769; x_wconf 86' lang='lat' dir='ltr'><strong>quia</strong></span> <span class='ocrx_word' id='word_1_243' title='bbox 399 2691 527 2752; x_wconf 82' lang='lat' dir='ltr'><strong>turbatus</strong></span> <span class='ocrx_word' id='word_1_244' title='bbox 540 2695 613 2752; x_wconf 85' lang='lat' dir='ltr'><strong>tristi</strong></span> <span class='ocrx_word' id='word_1_245' title='bbox 628 2706 767 2774; x_wconf 80' lang='lat' dir='ltr'><strong>tempore5</strong></span> <span class='ocrx_word' id='word_1_246' title='bbox 781 2698 867 2774; x_wconf 66' lang='lat' dir='ltr'><strong>sarpis</strong></span> <span class='ocrx_word' id='word_1_247' title='bbox 883 2696 998 2776; x_wconf 86' lang='lat' dir='ltr'><strong>accipe.</strong></span> 
     </span>
    </p>

    <p class='ocr_par' dir='ltr' id='par_1_5' title="bbox 226 2773 1288 3032">
     <span class='ocr_line' id='line_1_29' title="bbox 265 2773 1286 2864; baseline 0 -28"><span class='ocrx_word' id='word_1_248' title='bbox 265 2773 334 2859; x_wconf 71' lang='lat'><strong>47¹·</strong></span> <span class='ocrx_word' id='word_1_249' title='bbox 351 2780 418 2860; x_wconf 88' lang='lat' dir='ltr'><strong>lpse</strong></span> <span class='ocrx_word' id='word_1_250' title='bbox 433 2801 466 2840; x_wconf 89' lang='lat' dir='ltr'><strong>se</strong></span> <span class='ocrx_word' id='word_1_251' title='bbox 479 2781 697 2864; x_wconf 79' lang='lat' dir='ltr'><strong>reprehendit3</strong></span> <span class='ocrx_word' id='word_1_252' title='bbox 712 2785 810 2844; x_wconf 88' lang='lat' dir='ltr'><strong>immo</strong></span> <span class='ocrx_word' id='word_1_253' title='bbox 825 2805 856 2842; x_wconf 90' lang='lat' dir='ltr'><strong>se</strong></span> <span class='ocrx_word' id='word_1_254' title='bbox 869 2775 957 2844; x_wconf 74' lang='lat' dir='ltr'><strong>reu&#39;m</strong></span> <span class='ocrx_word' id='word_1_255' title='bbox 971 2784 1063 2858; x_wconf 87' lang='lat' dir='ltr'><strong>facit,</strong></span> <span class='ocrx_word' id='word_1_256' title='bbox 1078 2800 1150 2841; x_wconf 91' lang='lat' dir='ltr'><strong>nam</strong></span> <span class='ocrx_word' id='word_1_257' title='bbox 1163 2778 1225 2838; x_wconf 88' lang='lat' dir='ltr'><strong>hoc</strong></span> <span class='ocrx_word' id='word_1_258' title='bbox 1236 2790 1286 2838; x_wconf 86' lang='lat' dir='ltr'><strong>est</strong></span> 
     </span>
     <span class='ocr_line' id='line_1_30' title="bbox 226 2861 1288 2952; baseline 0.003 -31"><span class='ocrx_word' id='word_1_259' title='bbox 226 2863 358 2940; x_wconf 55' lang='lat' dir='ltr'><strong>&#39;incusum</strong></span> <span class='ocrx_word' id='word_1_260' title='bbox 370 2861 466 2949; x_wconf 81' lang='lat' dir='ltr'><strong>utqui</strong></span> <span class='ocrx_word' id='word_1_261' title='bbox 478 2891 540 2929; x_wconf 85' lang='lat' dir='ltr'><strong>non</strong></span> <span class='ocrx_word' id='word_1_262' title='bbox 551 2873 818 2951; x_wconf 82' lang='lat' dir='ltr'><strong>occeperitAEnean</strong></span> <span class='ocrx_word' id='word_1_263' title='bbox 830 2873 861 2929; x_wconf 84' lang='lat' dir='ltr'><strong>in</strong></span> <span class='ocrx_word' id='word_1_264' title='bbox 871 2892 1010 2952; x_wconf 78' lang='lat' dir='ltr'><strong>qenernm</strong></span> <span class='ocrx_word' id='word_1_265' title='bbox 1016 2917 1025 2944; x_wconf 91' lang='lat'><strong>,</strong></span> <span class='ocrx_word' id='word_1_266' title='bbox 1040 2871 1156 2950; x_wconf 84' lang='lat' dir='ltr'><strong>quippe</strong></span> <span class='ocrx_word' id='word_1_267' title='bbox 1170 2865 1288 2926; x_wconf 83' lang='lat' dir='ltr'><strong>Dorda-</strong></span> 
     </span>
     <span class='ocr_line' id='line_1_31' title="bbox 227 2953 1208 3032; baseline 0.003 -22"><span class='ocrx_word' id='word_1_268' title='bbox 227 2953 326 3026; x_wconf 84' lang='lat' dir='ltr'><strong>ninm,</strong></span> <span class='ocrx_word' id='word_1_269' title='bbox 340 2955 373 3014; x_wconf 90' lang='lat' dir='ltr'><strong>id</strong></span> <span class='ocrx_word' id='word_1_270' title='bbox 388 2970 446 3032; x_wconf 90' lang='lat' dir='ltr'><strong>est,</strong></span> <span class='ocrx_word' id='word_1_271' title='bbox 460 2959 547 3017; x_wconf 83' lang='lat' dir='ltr'><strong>ltalia</strong></span> <span class='ocrx_word' id='word_1_272' title='bbox 565 2958 752 3018; x_wconf 90' lang='lat' dir='ltr'><strong>oriundum:</strong></span> <span class='ocrx_word' id='word_1_273' title='bbox 769 2978 842 3017; x_wconf 82' lang='lat' dir='ltr'><strong>nant</strong></span> <span class='ocrx_word' id='word_1_274' title='bbox 855 2959 1019 3019; x_wconf 85' lang='lat' dir='ltr'><strong>Dardanus</strong></span> <span class='ocrx_word' id='word_1_275' title='bbox 1034 2957 1128 3018; x_wconf 88' lang='lat' dir='ltr'><strong>ltalns</strong></span> <span class='ocrx_word' id='word_1_276' title='bbox 1140 2955 1208 3014; x_wconf 87' lang='lat' dir='ltr'><strong>fuit.</strong></span> 
     </span>
    </p>

    <p class='ocr_par' dir='ltr' id='par_1_6' title="bbox 161 3040 1344 3891">
     <span class='ocr_line' id='line_1_32' title="bbox 266 3040 1284 3127; baseline -0.003 -23"><span class='ocrx_word' id='word_1_277' title='bbox 266 3040 335 3125; x_wconf 76' lang='grc'><strong>473.</strong></span> <span class='ocrx_word' id='word_1_278' title='bbox 352 3046 496 3127; x_wconf 85' lang='lat' dir='ltr'><strong>Sequitur</strong></span> <span class='ocrx_word' id='word_1_279' title='bbox 511 3048 650 3108; x_wconf 87' lang='lat' dir='ltr'><strong>studium</strong></span> <span class='ocrx_word' id='word_1_280' title='bbox 671 3051 816 3108; x_wconf 88' lang='lat' dir='ltr'><strong>omnium</strong></span> <span class='ocrx_word' id='word_1_281' title='bbox 832 3047 871 3106; x_wconf 87' lang='lat' dir='ltr'><strong>ad</strong></span> <span class='ocrx_word' id='word_1_282' title='bbox 889 3048 1119 3110; x_wconf 86' lang='lat' dir='ltr'><strong>defendendam</strong></span> <span class='ocrx_word' id='word_1_283' title='bbox 1135 3045 1284 3127; x_wconf 89' lang='lat' dir='ltr'><strong>patriam.</strong></span> 
     </span>
     <span class='ocr_line' id='line_1_33' title="bbox 226 3123 1287 3218; baseline 0.001 -31"><span class='ocrx_word' id='word_1_284' title='bbox 226 3123 291 3189; x_wconf 78' lang='lat' dir='ltr'><strong>Atii</strong></span> <span class='ocrx_word' id='word_1_285' title='bbox 299 3147 397 3212; x_wconf 88' lang='lat' dir='ltr'><strong>portus</strong></span> <span class='ocrx_word' id='word_1_286' title='bbox 406 3134 599 3218; x_wconf 75' lang='lat' dir='ltr'><strong>praefodiunt:</strong></span> <span class='ocrx_word' id='word_1_287' title='bbox 612 3135 693 3196; x_wconf 84' lang='lat' dir='ltr'><strong>Servi</strong></span> <span class='ocrx_word' id='word_1_288' title='bbox 700 3155 733 3195; x_wconf 91' lang='lat' dir='ltr'><strong>ns</strong></span> <span class='ocrx_word' id='word_1_289' title='bbox 745 3135 839 3196; x_wconf 83' lang='lat' dir='ltr'><strong>refert</strong></span> <span class='ocrx_word' id='word_1_290' title='bbox 852 3136 890 3194; x_wconf 77' lang='lat' dir='ltr'><strong>ad</strong></span> <span class='ocrx_word' id='word_1_291' title='bbox 905 3135 1017 3210; x_wconf 83' lang='lat' dir='ltr'><strong>fossas,</strong></span> <span class='ocrx_word' id='word_1_292' title='bbox 1030 3135 1062 3193; x_wconf 93' lang='lat' dir='ltr'><strong>id</strong></span> <span class='ocrx_word' id='word_1_293' title='bbox 1078 3134 1192 3194; x_wconf 87' lang='lat' dir='ltr'><strong>scilicet</strong></span> <span class='ocrx_word' id='word_1_294' title='bbox 1206 3149 1287 3212; x_wconf 85' lang='lat' dir='ltr'><strong>prae-</strong></span> 
     </span>
     <span class='ocr_line' id='line_1_34' title="bbox 161 3220 1287 3308; baseline 0.004 -34"><span class='ocrx_word' id='word_1_295' title='bbox 161 3268 164 3274; x_wconf 90' lang='lat'>.</span> <span class='ocrx_word' id='word_1_296' title='bbox 228 3225 350 3300; x_wconf 86' lang='lat' dir='ltr'><strong>ceperat</strong></span> <span class='ocrx_word' id='word_1_297' title='bbox 367 3226 500 3284; x_wconf 88' lang='lat' dir='ltr'><strong>Turnus.</strong></span> <span class='ocrx_word' id='word_1_298' title='bbox 523 3227 597 3284; x_wconf 89' lang='lat' dir='ltr'><strong>Purs</strong></span> <span class='ocrx_word' id='word_1_299' title='bbox 615 3225 710 3284; x_wconf 84' lang='lat' dir='ltr'><strong>aditus</strong></span> <span class='ocrx_word' id='word_1_300' title='bbox 732 3223 809 3285; x_wconf 85' lang='lat' dir='ltr'><strong>urbis</strong></span> <span class='ocrx_word' id='word_1_301' title='bbox 824 3221 958 3308; x_wconf 79' lang='lat' dir='ltr'><strong>firmant.</strong></span> <span class='ocrx_word' id='word_1_302' title='bbox 981 3221 1041 3284; x_wconf 82' lang='lat' dir='ltr'><strong>Alii</strong></span> <span class='ocrx_word' id='word_1_303' title='bbox 1060 3221 1229 3282; x_wconf 83' lang='lat' dir='ltr'><strong>subvectant</strong></span> <span class='ocrx_word' id='word_1_304' title='bbox 1249 3220 1287 3278; x_wconf 91' lang='lat' dir='ltr'><strong>in</strong></span> 
     </span>
     <span class='ocr_line' id='line_1_35' title="bbox 225 3331 1344 3408; baseline 0.015 -27"><span class='ocrx_word' id='word_1_305' title='bbox 225 3331 279 3382; x_wconf 77' lang='lat' dir='ltr'><strong>Alii</strong></span> <span class='ocrx_word' id='word_1_306' title='bbox 291 3336 594 3402; x_wconf 79' lang='lat' dir='ltr'><strong>partemfluminisPudi</strong></span> <span class='ocrx_word' id='word_1_307' title='bbox 607 3340 634 3389; x_wconf 91' lang='lat' dir='ltr'><strong>in</strong></span> <span class='ocrx_word' id='word_1_308' title='bbox 648 3357 728 3408; x_wconf 88' lang='lat' dir='ltr'><strong>quam</strong></span> <span class='ocrx_word' id='word_1_309' title='bbox 774 3352 801 3392; x_wconf 86' lang='lat' dir='ltr'><strong>et</strong></span> <span class='ocrx_word' id='word_1_310' title='bbox 813 3339 846 3391; x_wconf 90' lang='lat' dir='ltr'><strong>de</strong></span> <span class='ocrx_word' id='word_1_311' title='bbox 859 3341 933 3402; x_wconf 86' lang='lat' dir='ltr'><strong>hono</strong></span> <span class='ocrx_word' id='word_1_312' title='bbox 948 3332 1021 3390; x_wconf 79' lang='lat' dir='ltr'><strong>etde</strong></span> <span class='ocrx_word' id='word_1_313' title='bbox 1035 3333 1106 3384; x_wconf 89' lang='lat' dir='ltr'><strong>malo</strong></span> <span class='ocrx_word' id='word_1_314' title='bbox 1122 3331 1236 3396; x_wconf 83' lang='lat' dir='ltr'><strong>dicitur,</strong></span> <span class='ocrx_word' id='word_1_315' title='bbox 1252 3345 1287 3383; x_wconf 90' lang='lat' dir='ltr'><strong>ut</strong></span> <span class='ocrx_word' id='word_1_316' title='bbox 1343 3385 1344 3396; x_wconf 68' lang='grc'><strong>.</strong></span> 
     </span>
     <span class='ocr_line' id='line_1_36' title="bbox 226 3410 1282 3488; baseline 0.001 -28"><span class='ocrx_word' id='word_1_317' title='bbox 226 3410 398 3464; x_wconf 89' lang='lat' dir='ltr'><strong>descenditur</strong></span> <span class='ocrx_word' id='word_1_318' title='bbox 411 3417 491 3468; x_wconf 89' lang='lat' dir='ltr'><strong>fossa.</strong></span> <span class='ocrx_word' id='word_1_319' title='bbox 507 3418 617 3488; x_wconf 72' lang='lat' dir='ltr'><strong>Valgius</strong></span> <span class='ocrx_word' id='word_1_320' title='bbox 629 3419 656 3468; x_wconf 89' lang='lat' dir='ltr'><strong>in</strong></span> <span class='ocrx_word' id='word_1_321' title='bbox 671 3417 729 3469; x_wconf 64' lang='lat' dir='ltr'><strong>Elet·</strong></span> <span class='ocrx_word' id='word_1_322' title='bbox 774 3419 838 3470; x_wconf 85' lang='lat' dir='ltr'><strong>odor</strong></span> <span class='ocrx_word' id='word_1_323' title='bbox 851 3419 968 3470; x_wconf 72' lang='lat' dir='ltr'><strong>othonus</strong></span> <span class='ocrx_word' id='word_1_324' title='bbox 981 3427 1006 3466; x_wconf 89' lang='lat' dir='ltr'><strong>et</strong></span> <span class='ocrx_word' id='word_1_325' title='bbox 1019 3411 1104 3463; x_wconf 79' lang='lat' dir='ltr'><strong>malus</strong></span> <span class='ocrx_word' id='word_1_326' title='bbox 1115 3421 1239 3460; x_wconf 87' lang='lat' dir='ltr'><strong>vocatur.</strong></span> <span class='ocrx_word' id='word_1_327' title='bbox 1253 3413 1282 3464; x_wconf 92' lang='lat' dir='ltr'><strong>S.</strong></span> 
     </span>
     <span class='ocr_line' id='line_1_37' title="bbox 226 3491 1344 3566; baseline -0.001 -26"><span class='ocrx_word' id='word_1_328' title='bbox 226 3491 403 3560; x_wconf 68' lang='lat' dir='ltr'><strong>qis3‘l&#39;itinius</strong></span> <span class='ocrx_word' id='word_1_329' title='bbox 411 3496 437 3546; x_wconf 87' lang='lat' dir='ltr'><strong>in</strong></span> <span class='ocrx_word' id='word_1_330' title='bbox 447 3498 537 3550; x_wconf 84' lang='lat' dir='ltr'><strong>Setina</strong></span> <span class='ocrx_word' id='word_1_331' title='bbox 545 3498 694 3550; x_wconf 85' lang='lat' dir='ltr'><strong>videantur.</strong></span> <span class='ocrx_word' id='word_1_332' title='bbox 702 3499 728 3551; x_wconf 85' lang='lat' dir='ltr'><strong>S.</strong></span> <span class='ocrx_word' id='word_1_333' title='bbox 810 3497 870 3566; x_wconf 84' lang='grc'><strong>469.</strong></span> <span class='ocrx_word' id='word_1_334' title='bbox 887 3493 1045 3557; x_wconf 79' lang='lat' dir='ltr'><strong>Concilium,</strong></span> <span class='ocrx_word' id='word_1_335' title='bbox 1060 3501 1105 3542; x_wconf 87' lang='lat' dir='ltr'><strong>etc.</strong></span> <span class='ocrx_word' id='word_1_336' title='bbox 1125 3491 1225 3540; x_wconf 87' lang='lat' dir='ltr'><strong>Versus</strong></span> <span class='ocrx_word' id='word_1_337' title='bbox 1238 3505 1284 3540; x_wconf 72' lang='grc' dir='ltr'><strong>λα·</strong></span> <span class='ocrx_word' id='word_1_338' title='bbox 1343 3509 1344 3512; x_wconf 65' lang='grc'>’</span> 
     </span>
     <span class='ocr_line' id='line_1_38' title="bbox 229 3567 1283 3650; baseline -0.004 -28"><span class='ocrx_word' id='word_1_339' title='bbox 229 3598 230 3606; x_wconf 23' lang='grc' dir='ltr'><strong>κ</strong></span> <span class='ocrx_word' id='word_1_340' title='bbox 262 3571 322 3636; x_wconf 86' lang='grc'><strong>458.</strong></span> <span class='ocrx_word' id='word_1_341' title='bbox 341 3575 393 3624; x_wconf 88' lang='lat' dir='ltr'><strong>Per</strong></span> <span class='ocrx_word' id='word_1_342' title='bbox 406 3586 498 3648; x_wconf 72' lang='lat' dir='ltr'><strong>stapna</strong></span> <span class='ocrx_word' id='word_1_343' title='bbox 512 3577 632 3650; x_wconf 80' lang='lat' dir='ltr'><strong>loquacia</strong></span> <span class='ocrx_word' id='word_1_344' title='bbox 644 3579 728 3649; x_wconf 83' lang='lat' dir='ltr'><strong>cycni.</strong></span> <span class='ocrx_word' id='word_1_345' title='bbox 774 3578 858 3643; x_wconf 67' lang='lat' dir='ltr'><strong>papir,</strong></span> <span class='ocrx_word' id='word_1_346' title='bbox 877 3574 905 3626; x_wconf 90' lang='lat' dir='ltr'><strong>id</strong></span> <span class='ocrx_word' id='word_1_347' title='bbox 924 3585 979 3636; x_wconf 87' lang='lat' dir='ltr'><strong>est,</strong></span> <span class='ocrx_word' id='word_1_348' title='bbox 998 3570 1099 3622; x_wconf 82' lang='lat' dir='ltr'><strong>hiulcus</strong></span> <span class='ocrx_word' id='word_1_349' title='bbox 1115 3579 1141 3620; x_wconf 88' lang='lat' dir='ltr'><strong>et</strong></span> <span class='ocrx_word' id='word_1_350' title='bbox 1155 3567 1283 3620; x_wconf 83' lang='lat' dir='ltr'><strong>elumbis:</strong></span> 
     </span>
     <span class='ocr_line' id='line_1_39' title="bbox 227 3649 1344 3732; baseline -0.004 -30"><span class='ocrx_word' id='word_1_351' title='bbox 227 3652 257 3702; x_wconf 91' lang='lat' dir='ltr'><strong>In</strong></span> <span class='ocrx_word' id='word_1_352' title='bbox 269 3654 364 3723; x_wconf 85' lang='lat' dir='ltr'><strong>quibus</strong></span> <span class='ocrx_word' id='word_1_353' title='bbox 373 3654 497 3718; x_wconf 81' lang='lat' dir='ltr'><strong>habitant</strong></span> <span class='ocrx_word' id='word_1_354' title='bbox 507 3663 583 3732; x_wconf 83' lang='lat' dir='ltr'><strong>cycni</strong></span> <span class='ocrx_word' id='word_1_355' title='bbox 592 3661 730 3730; x_wconf 79' lang='lat' dir='ltr'><strong>loquaces.</strong></span> <span class='ocrx_word' id='word_1_356' title='bbox 778 3659 840 3728; x_wconf 90' lang='lat' dir='ltr'><strong>quia</strong></span> <span class='ocrx_word' id='word_1_357' title='bbox 855 3673 901 3726; x_wconf 91' lang='lat' dir='ltr'><strong>pes</strong></span> <span class='ocrx_word' id='word_1_358' title='bbox 915 3665 1027 3724; x_wconf 86' lang='lat' dir='ltr'><strong>quartus</strong></span> <span class='ocrx_word' id='word_1_359' title='bbox 1041 3651 1154 3703; x_wconf 90' lang='lat' dir='ltr'><strong>iambice</strong></span> <span class='ocrx_word' id='word_1_360' title='bbox 1167 3649 1284 3730; x_wconf 60' lang='lat' dir='ltr'><strong>grichro-</strong></span> <span class='ocrx_word' id='word_1_361' title='bbox 1343 3689 1344 3724; x_wconf 67' lang='lat'>3</span> 
     </span>
     <span class='ocr_line' id='line_1_40' title="bbox 227 3727 1282 3806; baseline -0.003 -23"><span class='ocrx_word' id='word_1_362' title='bbox 227 3735 310 3786; x_wconf 81' lang='lat' dir='ltr'><strong>Rouci</strong></span> <span class='ocrx_word' id='word_1_363' title='bbox 331 3749 419 3788; x_wconf 89' lang='lat' dir='ltr'><strong>autem</strong></span> <span class='ocrx_word' id='word_1_364' title='bbox 439 3741 484 3793; x_wconf 66' lang='grc' dir='ltr'><strong>τὸν</strong></span> <span class='ocrx_word' id='word_1_365' title='bbox 501 3739 577 3806; x_wconf 63' lang='grc' dir='ltr'><strong><em>μέσων</em></strong></span> <span class='ocrx_word' id='word_1_366' title='bbox 596 3755 648 3804; x_wconf 60' lang='lat' dir='ltr'><strong>este</strong></span> <span class='ocrx_word' id='word_1_367' title='bbox 668 3757 731 3794; x_wconf 84' lang='lat' dir='ltr'><strong>nam</strong></span> <span class='ocrx_word' id='word_1_368' title='bbox 776 3756 826 3790; x_wconf 90' lang='lat' dir='ltr'><strong>nus</strong></span> <span class='ocrx_word' id='word_1_369' title='bbox 839 3750 893 3800; x_wconf 84' lang='lat' dir='ltr'><strong>est,</strong></span> <span class='ocrx_word' id='word_1_370' title='bbox 905 3737 950 3806; x_wconf 88' lang='lat' dir='ltr'><strong>qui</strong></span> <span class='ocrx_word' id='word_1_371' title='bbox 964 3733 1150 3800; x_wconf 74' lang='lat' dir='ltr'><strong>tetradrronus</strong></span> <span class='ocrx_word' id='word_1_372' title='bbox 1165 3747 1223 3780; x_wconf 88' lang='lat' dir='ltr'><strong>csse</strong></span> <span class='ocrx_word' id='word_1_373' title='bbox 1235 3727 1282 3780; x_wconf 90' lang='lat' dir='ltr'><strong>de-</strong></span> 
     </span>
     <span class='ocr_line' id='line_1_41' title="bbox 229 3805 1280 3891; baseline -0.006 -27"><span class='ocrx_word' id='word_1_374' title='bbox 229 3812 310 3864; x_wconf 87' lang='lat' dir='ltr'><strong>modo</strong></span> <span class='ocrx_word' id='word_1_375' title='bbox 335 3833 447 3869; x_wconf 81' lang='lat' dir='ltr'><strong>canorus</strong></span> <span class='ocrx_word' id='word_1_376' title='bbox 474 3821 619 3891; x_wconf 66' lang='lat' dir='ltr'><strong>significat,</strong></span> <span class='ocrx_word' id='word_1_377' title='bbox 650 3819 731 3870; x_wconf 90' lang='lat' dir='ltr'><strong>modo</strong></span> <span class='ocrx_word' id='word_1_378' title='bbox 776 3817 880 3869; x_wconf 87' lang='lat' dir='ltr'><strong>buerat.</strong></span> <span class='ocrx_word' id='word_1_379' title='bbox 893 3815 962 3866; x_wconf 81' lang='lat' dir='ltr'><strong>Vide</strong></span> <span class='ocrx_word' id='word_1_380' title='bbox 977 3813 1088 3865; x_wconf 78' lang='lat' dir='ltr'><strong>Coelium</strong></span> <span class='ocrx_word' id='word_1_381' title='bbox 1100 3812 1143 3874; x_wconf 90' lang='lat' dir='ltr'><strong>lV,</strong></span> <span class='ocrx_word' id='word_1_382' title='bbox 1157 3807 1180 3859; x_wconf 83' lang='lat'><strong>5.</strong></span> <span class='ocrx_word' id='word_1_383' title='bbox 1198 3805 1280 3859; x_wconf 73' lang='lat' dir='ltr'><strong>Taua.</strong></span> 
     </span>
    </p>
   </div>
   <div class='ocr_carea' id='block_1_3' title="bbox 230 3885 1344 4062">
    <p class='ocr_par' dir='ltr' id='par_1_7' title="bbox 230 3885 1344 4062">
     <span class='ocr_line' id='line_1_42' title="bbox 230 3885 1280 3967; baseline -0.003 -26"><span class='ocrx_word' id='word_1_384' title='bbox 230 3910 309 3942; x_wconf 77' lang='lat' dir='ltr'><strong>voces</strong></span> <span class='ocrx_word' id='word_1_385' title='bbox 320 3897 457 3964; x_wconf 86' lang='lat' dir='ltr'><strong>pessimas.</strong></span> <span class='ocrx_word' id='word_1_386' title='bbox 468 3899 619 3964; x_wconf 79' lang='lat' dir='ltr'><strong>luvenalis,</strong></span> <span class='ocrx_word' id='word_1_387' title='bbox 633 3921 646 3946; x_wconf 67' lang='grc' dir='ltr'><strong>α</strong></span> <span class='ocrx_word' id='word_1_388' title='bbox 657 3901 732 3952; x_wconf 82' lang='lat' dir='ltr'><strong>ranei</strong></span> <span class='ocrx_word' id='word_1_389' title='bbox 776 3897 923 3967; x_wconf 76' lang='lat' dir='ltr'><strong>-Mapna</strong></span> <span class='ocrx_word' id='word_1_390' title='bbox 940 3893 1049 3964; x_wconf 85' lang='lat' dir='ltr'><strong>incepta.</strong></span> <span class='ocrx_word' id='word_1_391' title='bbox 1069 3891 1140 3957; x_wconf 87' lang='lat' dir='ltr'><strong>Quia</strong></span> <span class='ocrx_word' id='word_1_392' title='bbox 1158 3885 1191 3938; x_wconf 89' lang='lat' dir='ltr'><strong>de</strong></span> <span class='ocrx_word' id='word_1_393' title='bbox 1212 3906 1280 3958; x_wconf 88' lang='lat' dir='ltr'><strong>pace</strong></span> 
     </span>
     <span class='ocr_line' id='line_1_43' title="bbox 232 3967 1344 4062; baseline -0.007 -38"><span class='ocrx_word' id='word_1_394' title='bbox 232 3969 363 4026; x_wconf 86' lang='lat' dir='ltr'><strong>Theseide</strong></span> <span class='ocrx_word' id='word_1_395' title='bbox 383 3973 496 4030; x_wconf 72' lang='lat' dir='ltr'><strong>Codri.»</strong></span> <span class='ocrx_word' id='word_1_396' title='bbox 517 3977 589 4032; x_wconf 88' lang='lat' dir='ltr'><strong>Sicut</strong></span> <span class='ocrx_word' id='word_1_397' title='bbox 601 3994 731 4030; x_wconf 82' lang='lat' dir='ltr'><strong>venenum</strong></span> <span class='ocrx_word' id='word_1_398' title='bbox 778 3973 929 4048; x_wconf 56' lang='lat' dir='ltr'><strong>cogitabat,</strong></span> <span class='ocrx_word' id='word_1_399' title='bbox 940 3992 999 4045; x_wconf 71' lang='lat' dir='ltr'><strong>quac</strong></span> <span class='ocrx_word' id='word_1_400' title='bbox 1007 3971 1111 4044; x_wconf 90' lang='lat' dir='ltr'><strong>impleri</strong></span> <span class='ocrx_word' id='word_1_401' title='bbox 1119 3986 1173 4020; x_wconf 90' lang='lat' dir='ltr'><strong>non</strong></span> <span class='ocrx_word' id='word_1_402' title='bbox 1182 3967 1280 4039; x_wconf 87' lang='lat' dir='ltr'><strong>potuit.</strong></span> <span class='ocrx_word' id='word_1_403' title='bbox 1343 3997 1344 4062; x_wconf 69' lang='lat'><strong>,</strong></span> 
     </span>
    </p>
   </div>
   <div class='ocr_carea' id='block_1_4' title="bbox 0 0 1356 4582">
    <p class='ocr_par' dir='ltr' id='par_1_8' title="bbox 0 0 1356 4582">
     <span class='ocr_line' id='line_1_44' title="bbox 0 0 1356 4582; baseline 0 0"><span class='ocrx_word' id='word_1_404' title='bbox 0 0 1356 4582; x_wconf 95' lang='lat' dir='ltr'><strong> </strong></span> 
     </span>
    </p>
   </div>
  </div>
 </body>
</html>
