2720 4588
1307 46 1345 114 q=l

1310 263 1333 290 Ι

251 301 313 366 268
564 297 658 360 TlB.
683 295 754 359 CL.
778 293 968 361 DONATl
1351 301 1352 312 ¹

215 422 230 474 8
289 416 1284 504 lll.Quibusrebusquumantealioseruditiorperitiorquecsset,

250 533 282 572 se
300 514 334 571 iu
352 511 467 571 Urbem
482 507 628 580 eontulit,
648 510 827 588 statimque,
847 510 985 592 magistri
1005 507 1118 570 stabuli
1134 531 1283 593 equorum

248 599 377 678 Augusti
388 599 557 657 amicitiam
571 608 697 670 nactus,
708 594 825 654 multos
835 598 1001 678 variosque
1014 595 1140 657 morbos
1154 599 1286 659 inciden·
1321 627 1339 673 p

212 698 230 748 9
248 699 293 747 tes
305 689 392 768 equis
407 688 539 747 curavit.
560 688 599 744 At
614 684 668 744 ille
683 685 717 742 in
730 683 904 744 mercedem
918 683 1048 766 singulis
1066 683 1176 748 diebus
1192 709 1285 770 panes
1324 693 1352 728 ’Ν

199 785 230 821 ¹⁰
247 773 394 856 Virgilio,
414 789 450 834 ut
462 775 517 834 uni
532 793 567 832 ex
586 771 779 847 stabulariis,
798 771 867 830 dari
884 770 988 853 jussit.
1009 775 1129 836 Interea
1151 795 1169 834 a
1185 777 1286 837 Croto·

247 865 340 924 niatis
350 863 456 946 pullus
466 865 538 944 equi
544 909 554 938 ,
567 863 654 921 mirae
666 859 923 942 pulchritudinis,
931 861 1043 920 Caesari
1053 861 1138 922 dono
1147 863 1211 924 fuit
1223 866 1287 924 mis
1325 909 1338 960 Γ

248 973 314 1027 sus;
333 955 386 1035 qui
399 954 540 1014 omnium
554 947 674 1032 judicio
689 970 773 1032 spem
788 950 994 1031 portendebat
1005 953 1129 1012 virtutis
1146 963 1178 1012 et
1188 953 1289 1012 eeleri-
1337 946 1354 962 ”

248 1042 320 1100 tatis
330 1043 497 1102 immensae.
506 1043 701 1121 Huncquum
709 1036 896 1118 adspexisset
904 1040 1004 1112 Maro,
1012 1038 1288 1121 magistroetabuli
1339 1064 1343 1082 ι

248 1127 341 1204 dixit,
353 1145 462 1190 natum
475 1147 539 1190 esse
551 1149 587 1188 ex
599 1126 745 1187 morbosa
757 1146 851 1206 equa,
864 1138 894 1185 et
904 1146 961 1186 nec
970 1125 1090 1187 viribus
1101 1127 1286 1202 valiturum,
1328 1115 1354 1182 b*

248 1235 304 1275 nec
315 1216 488 1276 celeritate:
502 1214 595 1294 idque
606 1231 715 1270 verum
730 1209 826 1270 fuisse
837 1213 1001 1272 inventum
1012 1227 1075 1272 est:
1090 1214 1176 1295 quod
1191 1235 1289 1296 quum
1329 1205 1332 1214 '
1354 1211 1355 1268 ἒ

246 1304 393 1384 magister
405 1303 518 1364 stabuli
530 1301 669 1379 Augusto
685 1299 862 1372 recitasset,
875 1298 1031 1381 duplicari
1049 1301 1109 1382 ipsi
1123 1301 1157 1360 in
1173 1321 1288 1361 merce·

197 1417 224 1451 rr
247 1392 317 1451 dem
326 1413 421 1474 panes
429 1391 531 1472 jussit.
542 1387 648 1464 Quum
657 1389 732 1446 item
742 1407 777 1446 ex
788 1389 936 1470 Hispania
948 1390 1085 1469 Augusto
1097 1411 1190 1450 canes
1204 1391 1288 1450 dono

247 1481 457 1552 mitterentur,
478 1494 508 1538 et
525 1489 666 1558 parentes
684 1497 794 1536 corum
808 1477 887 1536 dixit
904 1475 1070 1558 Virgilius,
1093 1492 1124 1538 et
1147 1481 1289 1540 animum

246 1565 492 1646 celeritatemque
504 1563 659 1622 futuram:
670 1585 732 1644 quo
741 1565 883 1644 cognito,
894 1565 1023 1624 mandat
1034 1565 1147 1625 iterum
1154 1565 1289 1648 Virgilio
1355 1560 1356 1582 ¹

246 1675 342 1736 panes
357 1653 520 1738 duplicari.
1355 1643 1356 1660 ¹

197 1770 226 1806 ιι
286 1744 336 1802 lV.
351 1745 516 1804 Dubitavit
527 1743 696 1827 Augustus,
706 1746 826 1806 Octavii
836 1765 876 1804 ne
887 1744 970 1804 filius
983 1759 1078 1819 esset,
1092 1764 1133 1804 an
1146 1743 1289 1818 alterius,

247 1831 340 1912 idque
353 1833 515 1894 Maronem
534 1835 654 1914 aperire
672 1854 764 1914 posse
782 1835 950 1894 arbitratus
962 1834 1114 1916 est,'quia
1131 1847 1290 1895 canumet

197 1929 226 1979 13
246 1921 318 2000 equi
333 1935 476 1980 naturam
497 1935 701 2003 parentesque
717 1938 876 2004 cognorat.
895 1926 1014 1985 Amotis
1033 1925 1128 2004 igitur
1142 1923 1290 1984 omnibus

247 2004 385 2082 arbitris,
398 2008 488 2068 illum
501 2011 535 2068 in
553 2011 741 2090 penitiorem
758 2025 879 2092 partem
894 2011 1007 2074 domus
1020 2025 1125 2086 vocat,
1137 2025 1169 2072 et
1185 2011 1290 2072 solum

245 2109 349 2174 rogat,
362 2117 402 2155 an
415 2097 491 2156 sciat
501 2098 645 2178 quisnam
659 2113 748 2174 esset,
764 2112 794 2159 et
809 2120 904 2182 quam
921 2101 961 2160 ad
974 2098 1171 2160 felicitandos
1188 2097 1292 2159 homi-

196 2196 227 2262 ¹4
245 2203 300 2242 nes
312 2181 494 2244 facultatem
504 2183 643 2246 haberet.
657 2212 670 2242 ιι
679 2189 759 2248 Novi
768 2233 776 2262 ,
786 2189 1000 2269 inquitMaro,
1010 2189 1290 2266 te,CaesarAugus·

245 2285 275 2333 te
283 2274 291 2347 ,'
299 2287 329 2332 et
342 2273 440 2334 ferme
453 2297 574 2358 aequam
586 2297 657 2336 curn
669 2276 715 2338 dis
727 2275 956 2338 immortalibus
967 2289 1147 2360 potestatem
1160 2274 1292 2348 babere,

245 2377 295 2438 ut,
313 2385 406 2444 quem
421 2367 484 2438 vis,
504 2365 627 2426 felicem
646 2366 752 2426 facias.
771 2392 784 2422 ιι
811 2391 824 2421 ιι
837 2368 883 2425 Eo
899 2367 1006 2426 animo
1022 2387 1106 2440 sum,
1127 2363 1292 2448 respondit

245 2451 360 2524 Caesar,
381 2466 431 2526 ut,
451 2454 476 2510 si
495 2473 604 2512 verum
622 2473 680 2534 pro
698 2467 810 2535 rogatu
824 2453 951 2530 dixeris,
968 2453 1095 2514 beatum
1109 2466 1139 2512 te
1155 2450 1293 2512 felicem-

247 2560 306 2620 que
314 2539 475 2600 reddamo»
492 2566 506 2594 ιι
514 2543 653 2618 Utinam,
665 2543 710 2602 ait
719 2545 819 2616 Maro,
828 2543 1032 2625 interroganti
1040 2543 1097 2602 tibi
1105 2561 1178 2601 vera
1189 2539 1292 2600 dicere

197 2633 226 2686 15
247 2630 373 2711 queam!
390 2655 403 2685 ιι
424 2632 511 2690 Tunc
524 2630 679 2712 Augustus
695 2655 702 2689 :
723 2657 738 2688 ιι
749 2633 865 2692 Putant
879 2631 932 2690 alii
947 2653 997 2692 me
1011 2645 1120 2692 natum
1134 2631 1290 2690 Octavio:

247 2716 374 2797 quidam
389 2718 588 2798 suspicantur
600 2718 663 2778 alio
675 2740 726 2778 me
740 2721 879 2800 genitum
894 2721 998 2780 viro.»
1012 2720 1100 2778 Maro
1113 2716 1294 2789 subridens,

249 2830 263 2858 ιι
273 2804 389 2878 Facile,
402 2806 519 2886 inquit,
530 2807 555 2866 si
568 2807 697 2889 impune
708 2806 898 2888 licenterque
906 2827 975 2887 quae
984 2807 1083 2866 sentio
1093 2804 1183 2885 loqui
1188 2802 1292 2884 jubes,

245 2893 278 2952 id
294 2893 432 2954 dicam.»
448 2893 592 2957 Affirmat
603 2898 705 2957 Caesar
713 2893 936 2977 jurejurando,
951 2895 1074 2956 nullum
1089 2891 1154 2974 ejus
1171 2892 1292 2952 dictum

246 3005 325 3066 aegre
339 2985 493 3061 laturum,
515 2987 613 3047 immo
628 3007 693 3046 non
708 2987 769 3046 nisi
791 2986 942 3046 donatum
958 2987 997 3045 ab
1016 3005 1053 3045 eo
1068 2984 1292 3043 discessurum.

197 3083 227 3136 16
246 3074 294 3138 Ad
304 3073 371 3137 haec
385 3075 493 3136 oculos
506 3075 604 3136 oculis
614 3077 746 3156 Augusti
761 3074 893 3156 infigens
908 3078 1015 3150 Maro,
1033 3100 1047 3130 ιι
1059 3073 1212 3149 Facilius,
1233 3073 1292 3146 ait,

246 3164 280 3221 in
294 3167 402 3224 ceteris
415 3164 603 3224 animalibus
619 3165 786 3245 qualitates
807 3179 972 3248 parentum
986 3187 1005 3224 a
1019 3162 1245 3224 mathematicis
1262 3177 1293 3222 et

245 3249 443 3335 pbilosophis
462 3256 608 3336 cognosci
627 3269 773 3335 possunt3
787 3255 820 3314 in
832 3253 961 3315 homine
973 3273 1172 3334 nequaquam
1190 3253 1291 3334 possi-

244 3336 309 3396 bile
323 3352 383 3412 est3
395 3339 448 3399 sed
461 3341 499 3400 de
515 3353 545 3400 te
560 3340 775 3422 conjecturam
789 3339 892 3400 babeo
908 3340 1040 3400 similem
1055 3341 1134 3414 veri,
1148 3351 1198 3414 ut,
1214 3337 1292 3419 quid

197 3457 226 3510 ¹7
245 3430 415 3488 exercuerit
427 3443 515 3510 pater
525 3442 615 3506 tuus,
629 3431 708 3490 scire
717 3431 844 3511 possim.
856 3455 870 3485 ιι
885 3431 1007 3488 Attente
1020 3425 1223 3508 exspectabat
1231 3430 1292 3487 Au-

280 3596 405 3648 Geterum
416 3614 469 3650 non
483 3598 622 3666 deliniam,
635 3620 669 3654 an
681 3619 744 3654 nar·
789 3599 852 3652 bitis
860 3601 921 3652 etin
929 3597 1293 3650 medicinasurnmamecicrr-

245 3677 344 3726 rationi
360 3675 424 3728 huic
440 3677 473 3730 de
488 3678 628 3732 ¹medicina
645 3694 672 3732 et
688 3701 744 3734 ma·
789 3681 831 3730 tiae
845 3679 959 3749 positam
973 3676 1181 3730 arbitrabantur.

244 3754 351 3806 theseos
377 3757 471 3830 studiis
494 3760 613 3810 Maronis
641 3759 743 3830 aliquid
825 3757 1294 3828 §8...18.Uudeineptissimanar-

244 3835 300 3884 veri
321 3835 391 3885 insit.
413 3835 504 3890 Videri
527 3849 619 3909 potest
636 3856 669 3890 aa
686 3843 743 3891 es‘sc
789 3837 857 3888 ratio
865 3834 1213 3907 profluxerit,nemofacile
1222 3853 1295 3886 asse·

243 3912 368 3981 profecta
379 3933 395 3964 a
409 3915 562 3980 monachis,
578 3917 666 3985 quiin
682 3920 744 3969 arti-
790 3929 899 3987 quatum
915 3919 967 3970 nisi
983 3920 1053 3970 forte
1069 3935 1134 3968 cura
1144 3930 1294 3985 equorum,

245 3989 295 4043 bus
305 3991 499 4046 mathematicis
510 3993 545 4044 ad
554 3989 660 4059 pairarat
669 3995 744 4048 adhi·
790 4016 886 4052 canum
904 4011 929 4052 et
947 3998 1080 4074 pecudum
1099 3999 1147 4050 Ge.
1168 3997 1210 4054 111,
1220 3995 1294 4046 libro
