2704 4582
235 317 296 383 108
561 315 940 382 COMMENTARIA

229 441 339 500 AEneas
359 460 455 522 quum
474 440 616 516 vicisset,
645 459 679 500 ac
697 437 907 521 proculcasset
925 439 1042 520 ingenti
1062 435 1293 509 contumelia3

229 550 303 590 mox
325 529 517 606 immolavit,-
539 543 574 590 ut
593 530 772 604 victimam,
796 541 826 588 et
844 543 950 611 erepta
969 547 1054 588 arma
1074 525 1114 588 ab
1135 527 1295 588 humeris

231 619 348 678 Seresto
361 618 507 694 tradidit,
521 620 574 698 qui
588 619 647 678 sibi
660 621 836 700 proximus,
852 617 891 677 ad
902 615 1084 698 erigendum
1097 615 1295 698 trophaeum

230 708 342 768 Marti:
359 707 455 784 illud,
469 729 633 791 conpressus
643 711 721 790 epit,
741 723 801 783 est,
815 725 912 789 quum
925 709 1011 790 prius
1026 708 1152 789 egisset,
1167 704 1202 765 id
1218 717 1295 779 est,

231 796 387 858 insecutus
405 795 512 857 fuisset
531 817 659 879 campo,
678 817 861 879 congressus
875 817 946 857 cum
965 795 1022 856 illo
1042 809 1095 856 est.
1118 793 1296 877 Expendit

231 883 351 944 Servius
365 888 394 945 τὸ
409 882 542 960 immolat
547 911 560 956 ,·
582 887 672 968 quasi
689 885 772 945 dieat
786 898 886 960 vates;
908 884 1055 944 immolat
1068 881 1295 954 sacerdotem,

231 972 286 1050 qui
305 971 467 1034 immolare
483 985 694 1034 consueverat.
714 972 798 1049 Quid
816 973 872 1047 sit,
891 973 1058 1052 inqentique
1073 968 1179 1030 umbra
1197 969 1299 1050 tepit3

230 1077 295 1118 non
307 1073 351 1119 est
362 1059 451 1120 facile
464 1061 615 1122 divinare.
627 1062 749 1122 Servius
762 1060 899 1142 vulgaris
912 1057 1018 1118 multis
1029 1057 1182 1140 explicat,
1199 1068 1232 1116 et
1246 1056 1296 1130 is,

231 1147 286 1227 qui
297 1167 333 1206 ex
344 1145 461 1208 schedis
473 1148 610 1231 prodiit,
623 1149 727 1230 plures
737 1147 841 1208 adbuc
853 1146 940 1209 addit
952 1146 1187 1228 explicationes.
1201 1140 1295 1202 Mihi

231 1239 350 1313 risum,
365 1253 487 1301 tanturn
501 1241 598 1301 alludi
612 1240 813 1315 admoneam,
835 1259 929 1321 quam
942 1252 1032 1298 vocat
1046 1237 1183 1298 umbram
1200 1253 1297 1316 map-

231 1337 319 1399 nant,
333 1341 368 1387 ut
380 1349 444 1388 rem
457 1329 574 1390 efficiat
585 1347 781 1410 summopere
793 1329 954 1408 tragicam.

272 1412 339 1490 543.
358 1419 481 1479 Transit
500 1419 537 1480 ad
553 1417 712 1479 Gaeculum
730 1430 760 1477 et
773 1414 986 1478 Umbronem:
1008 1413 1099 1473 illurn
1115 1412 1255 1491 insignit
1276 1429 1295 1468 a

230 1515 318 1582 patre
332 1505 490 1582 Vulcano,
505 1528 522 1566 a
536 1529 599 1589 quo
612 1509 750 1589 genitus3
764 1505 850 1566 hunc
864 1506 903 1565 ab
915 1503 1078 1564 montibus
1087 1503 1294 1576 Marsorum,

231 1591 316 1650 unde
331 1591 473 1655 advenit:
494 1611 526 1658 et
540 1612 632 1672 nota,
647 1598 768 1678 signate
780 1595 862 1670 dici,
881 1595 1002 1654 venisse
1016 1612 1081 1651 non
1098 1591 1138 1650 ab
1151 1590 1295 1666 Marsis,

231 1680 283 1738 sed
307 1682 346 1740 ab
368 1685 514 1746 montibus
533 1690 720 1761 Marsorum,
751 1687 825 1768 quia
848 1685 967 1744 Umbro
990 1697 1085 1741 artem
1108 1678 1293 1739 veneficam

232 1770 369 1829 exercuit
387 1785 494 1833 eontra
510 1789 683 1855 serpentes3
703 1773 735 1832 bi
754 1793 828 1834 vero
847 1773 880 1831 in
898 1771 1067 1831 montibus.
1086 1767 1145 1829 Sed
1162 1768 1203 1828 de
1221 1766 1292 1828 hoc

232 1851 294 1910 late
300 1851 367 1932 jam
378 1857 410 1914 in
421 1861 573 1940 septimo:
589 1861 621 1920 bi
633 1882 709 1940 ergo
718 1862 783 1921 duo
795 1860 897 1919 fusam
907 1860 1008 1918 AEneae
1017 1859 1136 1938 impetu
1150 1875 1290 1916 suorum

234 1941 334 2002 aciem
346 1944 531 2008 instaurant.
548 1949 627 2009 Vide
639 1964 728 2009 notas
740 1951 781 2008 lV
794 1947 874 2021 vol,
890 1969 921 2030 p.
938 1944 1002 2021 154.

273 2027 340 2105 545.
355 2033 470 2095 Contra
481 2036 538 2098 bos
548 2039 625 2099 duos
635 2041 744 2100 AEneas
753 2038 981 2112 lucentissime,
997 2034 1051 2095 sed
1062 2037 1108 2094 vis
1119 2033 1291 2116 praeeipua

235 2119 268 2178 in
280 2121 472 2186 Umbronem
482 2174 490 2203 ,
501 2131 552 2189 eui
562 2129 667 2190 attulit
677 2131 805 2190 exitium
818 2153 825 2188 ι
840 2148 914 2210 ergo
925 2128 957 2187 in
968 2125 1053 2186 huuc
1065 2145 1163 2205 quum
1175 2123 1293 2182 irruis·

235 2221 295 2286 stt,
309 2214 412 2294 primo
423 2215 487 2298 ejus
497 2221 653 2280 sinistram
667 2241 812 2296 manum,
827 2231 858 2279 et
867 2232 969 2278 totum
982 2215 1083 2298 clypei
1095 2215 1206 2274 orbem
1216 2233 1291 2272 uno

233 2300 297 2361 ictu
309 2310 485 2388 amputavit
496 2333 503 2370 ε
519 2309 633 2372 deinde
642 2309 733 2371 illum
744 2308 917 2384 interfecit,
932 2308 988 2389 qui
999 2323 1150 2386 magnum
1161 2301 1292 2385 aliquid

233 2429 356 2480 ⁸³⁶¹³Vlb
368 2453 379 2478 ¹·
402 2433 471 2488 Serv.
486 2466 522 2476 -·-
532 2439 594 2489 Res.
616 2439 734 2489 Deorum
778 2435 940 2487 narrationis
948 2429 1130 2484 facitAnxar?
1141 2427 1212 2478 Nam
1222 2425 1292 2492 illa,

234 2510 733 2588 omniumeommuneelogium.Cerdo.
780 2507 1290 2580 «Dixeratillealiquidmagnum=,etc.

271 2585 331 2650 543.
352 2591 505 2644 Instaurant
521 2596 600 2659 acies,
626 2594 736 2648 Volcani
780 2591 814 2644 de
830 2591 967 2644 Umbrone
980 2585 1113 2658 capienda
1125 2598 1196 2638 sunt.
1216 2585 1292 2636 Mihi

233 2663 311 2732 stirpe
321 2678 419 2722 creatas
432 2672 554 2725 Coeealas.
568 2669 672 2725 tardas*
683 2694 737 2723 osu·
780 2672 870 2744 placet
886 2669 984 2742 duplex
1003 2667 1110 2721 solutio.
1129 2667 1232 2729 Prima,
1258 2679 1291 2716 ut

235 2739 346 2805 “Ullum-
368 2748 436 2799 Nam
458 2763 519 2802 aute
541 2753 614 2804 fusas
639 2753 736 2823 accipi·
780 2751 885 2816 Anxur,
906 2763 966 2814 aut,
986 2746 1059 2818 quod
1077 2747 1169 2817 potius
1185 2743 1291 2812 eredo,

237 2838 311 2872 mus:
325 2841 388 2896 erge
398 2845 443 2880 eas
453 2829 600 2882 instaurunt
609 2832 736 2884 adversus
778 2831 881 2893 Anxur,
888 2831 922 2880 sit
933 2828 1026 2880 Umbra
1033 2826 1193 2896 ipsissimus,
1202 2825 1290 2876 etiam

236 2901 356 2956 AEneam.
366 2905 521 2960 Notandum
532 2911 637 2982 stirpem
647 2909 681 2962 de
691 2931 737 2982 pa·
780 2911 870 2962 Servio
882 2909 984 2980 placet,
1008 2909 1054 2977 qui
1067 2904 1141 2976 quod
1153 2903 1290 2957 imberbis

237 2993 276 3034 tre
284 2983 396 3053 dietam,
410 3007 492 3060 quum
501 2991 647 3062 semperde
655 2991 736 3064 longa
781 2988 869 3042 adbuc
880 2987 985 3040 dicatur
996 2985 1105 3048 Anxur,
1118 2995 1144 3036 et
1154 2983 1220 3036 iude
1228 2985 1292 3052 jac,

236 3068 340 3134 generis
352 3069 545 3140 significatione
557 3070 670 3124 dicatur.
683 3072 709 3124 S.
780 3070 866 3120 tantia
881 3067 927 3120 illa
944 3064 1123 3138 promittentis
1144 3063 1197 3114 sibi
1213 3065 1293 3114 cani·

273 3142 332 3210 545.
345 3147 514 3203 Dardanides.
523 3152 736 3222 Patronymieuru
780 3148 842 3201 tiam
863 3159 889 3200 et
907 3146 997 3218 lonqos
1015 3161 1104 3196 annos.
1126 3141 1235 3207 Altera,
1258 3155 1291 3194 ut

238 3241 252 3272 a
266 3225 420 3293 majoribus.
428 3229 584 3284 -Anxuris
594 3249 652 3282 ense
661 3230 737 3282 sinis-
780 3243 871 3282 versus
881 3238 967 3297 poete
977 3225 1015 3276 ita
1024 3221 1187 3286 scribantur,
1199 3244 1211 3268 ι
1219 3221 1293 3276 Dar*

239 3311 315 3351 tram·
328 3303 444 3374 Quidam
454 3328 485 3361 ex
493 3309 546 3362 hoe
558 3309 652 3362 volunt
661 3309 738 3360 intel·
782 3305 894 3358 danides
904 3316 997 3357 eontra
1007 3304 1072 3354 furit
1080 3301 1090 3372 (
1098 3301 1214 3352 Anxuris
1223 3317 1291 3358 ense

239 3380 285 3452 ligi
308 3385 388 3436 etiarn
416 3388 579 3443 Umbronem
609 3391 736 3442 occisum.
783 3387 916 3438 sinistram
937 3384 971 3436 Et
995 3395 1083 3434 totum
1103 3381 1191 3453 clypei
1212 3381 1290 3432 ferro

239 3460 350 3514 Constat
367 3467 436 3517 euim
452 3487 512 3521 vere
525 3469 558 3522 ab
573 3471 656 3522 AEnea
667 3470 740 3522 ocei-
783 3459 1193 3535 deJ'eeeratorbem)Dixeratille
1203 3474 1288 3526 -,ete.

239 3558 313 3606 ΝΜ»
326 3544 461 3618 sicutipse
475 3547 527 3600 boc
537 3550 606 3600 libro
620 3553 649 3602 in
659 3549 739 3600 Cata·
782 3547 815 3598 Et
831 3547 868 3598 ita
886 3546 982 3597 Anxur
995 3545 1045 3596 iste
1061 3543 1095 3593 sit
1109 3555 1187 3594 extra
1203 3553 1291 3592 mate,

241 3622 303 3694 logo
316 3626 367 3693 eit,
382 3625 455 3679 «Sed
464 3647 519 3680 non
529 3629 669 3682 Dardaniae
684 3647 740 3680 ιπε-
783 3626 851 3676 riam
867 3623 1015 3686 Umbmnis,
1029 3635 1108 3694 utque
1123 3619 1192 3672 adeo
1202 3620 1291 3674 iuclu-

239 3702 325 3758 dicari
337 3706 455 3778 cuspidis
467 3709 550 3760 ictum
560 3709 674 3760 Evaluit.
685 3730 697 3755 a
710 3709 738 3760 S.
784 3721 828 3756 sus
849 3703 1016 3776 parenthesi;
1039 3715 1070 3754 ut
1093 3700 1167 3752 dicat
1185 3713 1287 3770 poeta:

240 3783 402 3854 -Torquet
411 3805 452 3839 me
462 3786 506 3840 hie
518 3787 607 3852 loeus,
618 3800 645 3840 et
655 3789 740 3857 possit
783 3781 932 3836 Furebatin
942 3780 1081 3845 Carnium,
1090 3792 1117 3832 et
1129 3779 1288 3832 [lsnbronem

242 3863 317 3916 alios·
337 3864 402 3932 Quae
416 3867 583 3938 praecedunt,
596 3869 740 3938 capiuntur
783 3863 894 3928 AEneas,
913 3862 960 3932 qui
975 3863 1050 3932 prius
1064 3874 1152 3912 tamen
1170 3859 1289 3916 hauris

242 3940 434 4008 deUrnbrone;
455 3965 512 4018 quse
524 3959 685 4017 sequuntur,
706 3943 740 3996 de
784 3944 917 4013 sinistram
935 3951 1132 4014 amputaverat,
1149 3951 1176 3990 et
1193 3937 1288 3998 orbem

243 4021 337 4084 eodem
356 4039 431 4081 suum
450 4025 515 4098 quid
529 4043 591 4097 ergo
608 4027 635 4077 in
652 4023 740 4083 medio
786 4023 877 4098 clypei.
894 4021 980 4080 Cassia.
