2742 4596
316 281 941 384 turuuruurusaumours
992 387 999 395 .
1084 317 1148 400 429

96 434 133 480 et
154 423 307 504 Georgica
327 419 564 492 circumfertur,
583 417 635 478 sed
653 421 781 479 nornine
798 433 934 497 tantum3
955 440 1029 486 sunt
1048 432 1150 508 enim,

101 531 168 570 uno
185 509 234 571 vel
251 511 348 578 altero
363 509 435 570 loco
449 508 531 568 forte
548 520 690 588 excepto,
711 511 815 580 tenuia
831 524 861 569 et
870 510 978 592 jejuna
991 534 1151 600 excerpta,

97 613 203 683 eaque
218 600 421 684 interpolata,
441 619 512 681 quae
530 599 651 681 primus
671 599 705 657 in
724 597 826 660 lucem
844 601 975 682 protulit
992 607 1041 667 Jo.
1060 610 1150 692 Bapt.

101 691 255 770 Egnatius
269 691 304 750 in
318 691 391 751 edit.
410 689 483 771 1507
496 711 502 746 :
519 685 810 768 «quemadmodum
822 688 876 748 illa
888 711 924 750 ex
936 692 1040 755 codice
1051 709 1152 758 vetus-

102 781 225 840 tissimo
241 802 298 841 ms.
315 780 405 841 Bobii
422 779 583 860 quondam
599 799 617 836 1
630 777 767 858 Georgia
779 777 901 840 Merula
913 781 1041 844 invento
1056 785 1153 848 adno-

102 882 257 931 taverat.»
272 872 433 953 Repetitus
448 868 522 929 inde
537 881 584 928 est
598 889 617 927 1
630 866 737 928 multis
751 881 782 927 et
796 869 906 946 Servii,
924 873 1057 952 Donati,
1079 877 1154 940 alio·

102 977 237 1038 rumque
252 958 484 1018 commentariis
495 956 559 1016 fere
574 953 731 1036 adjectus·
794 1011 795 1014 ,

144 1075 260 1134 Seruius
269 1077 396 1135 Maurus
405 1077 589 1146 Honoratus,
603 1093 674 1132 saec.
689 1074 717 1130 V
731 1075 962 1153 grammaticus.
977 1077 1024 1137 De
1038 1099 1076 1147 eo
1090 1081 1154 1144 vid.

104 1162 275 1222 Burmann.
290 1164 377 1245 praef.
391 1165 480 1245 (pag.
500 1183 538 1222 ao
554 1162 635 1241 seq.)
649 1161 747 1237 Alios,
765 1160 804 1221 de
817 1182 854 1222 eo
870 1164 924 1243 qui
940 1168 1072 1246 egerint,
1089 1171 1153 1230 vid.

105 1250 192 1331 apud
204 1251 329 1310 Surium
343 1253 508 1312 Onomast.
522 1253 612 1310 Tom.
625 1250 653 1324 Ι,
666 1269 738 1330 pag.
751 1247 824 1332 471,
840 1249 911 1310 add.
923 1253 1050 1316 Masvic.
1064 1259 1154 1339 praef.

105 1342 153 1399 De
168 1339 462 1420 interpolationibus
474 1337 513 1398 ef.
525 1339 607 1397 Justi
623 1338 753 1418 Specim.
767 1334 856 1398 Obss.
872 1340 941 1400 crit.
954 1363 987 1423 p.
1002 1343 1050 1404 35.
1066 1347 1156 1408 Com.

106 1428 297 1486 menterium
315 1429 348 1486 in
366 1423 528 1486 AEneidem
548 1426 635 1506 prius
656 1439 851 1500 exaraverat,
872 1439 941 1486 tum
959 1430 994 1488 in
1011 1431 1156 1514 Eclogas,

106 1513 220 1573 ultimo
234 1513 304 1574 loco
317 1514 351 1572 in
365 1513 532 1593 Georgica,
548 1509 633 1572 conf.
645 1513 815 1572 Burmann.
829 1513 918 1593 praef.
936 1517 986 1597 (p.
1000 1521 1055 1598 22)
1073 1536 1103 1581 et
1117 1521 1156 1580 ad

107 1602 164 1661 Ge.
179 1603 208 1678 l,
223 1603 293 1662 208.
306 1603 351 1660 Ex
363 1602 453 1662 trinis
464 1600 514 1661 his
529 1601 774 1661 Commentariis
786 1598 939 1662 habemus
950 1603 1156 1688 farraginem,

105 1693 202 1753 bonis
214 1692 381 1773 malisque,
401 1692 488 1752 seriis
503 1712 539 1750 ac
553 1693 659 1773 nugis,
669 1687 672 1692 ’
682 1690 760 1750 adeo
773 1694 990 1770 commixtam,
1011 1709 1058 1774 ut,
1081 1701 1155 1780 quid

109 1781 149 1841 ad
164 1782 261 1842 Servii
276 1785 491 1842 auctoritatem
503 1780 616 1840 referre
628 1779 732 1855 malis,
746 1780 906 1842 interdum
920 1786 972 1844 vix
987 1788 1019 1845 in
1029 1805 1159 1869 promtu

107 1869 233 1930 habeas.
250 1872 328 1931 Usus
344 1871 452 1931 saltem
465 1869 530 1951 ejus
547 1869 587 1929 ad
602 1869 874 1952 interpretandum
886 1888 1013 1955 poetam
1025 1897 1089 1938 esse
1103 1901 1160 1960 po·

107 1972 171 2020 test
180 1961 325 2041 exiguus,
336 1972 391 2019 aut
399 1959 523 2035 nullae,
534 1960 595 2018 nisi
605 1960 768 2019 accesseris
779 1958 818 2018 ad
827 1973 953 2042 poetam
963 1964 1008 2022 ita
1014 1961 1082 2044 jam
1091 1964 1159 2026 lite-

106 2071 217 2110 rarum
233 2051 346 2131 peritia
363 2063 394 2110 et
411 2071 470 2110 usu
488 2051 670 2126 instructus,
689 2061 739 2123 ut,
758 2070 828 2130 quae
848 2050 987 2112 tollenda
1005 2073 1046 2114 an
1064 2055 1159 2116 relin-

110 2135 237 2220 quenda
250 2139 328 2216 sint,
349 2132 546 2220 perspectum
560 2135 685 2196 habeas.
706 2139 784 2197 Sane
798 2135 899 2196 multa
916 2141 1013 2199 inesse
1029 2162 1065 2200 ex
1082 2146 1161 2203 anti·-

110 2225 275 2308 quioribus
284 2227 508 2314 Interpretibus
519 2239 653 2300 servata,
667 2223 813 2284 dubitare
824 2225 877 2285 vix
888 2223 975 2299 licet;
990 2248 1047 2288 nee
1056 2233 1161 2290 minus

107 2331 219 2376 tamen
228 2318 394 2378 innumera
405 2338 422 2376 a
433 2314 1161 2378 111111111111111111Η11111111111111111111111111
1244 2375 1245 2380 ,

111 2405 345 2488 Servius,quod
355 2407 455 2467 Graeci
466 2405 723 2486 grammatici,ut
733 2415 849 2478 essent,
859 2401 956 2464 modo
967 2405 1021 2484 qui
1032 2408 1163 2489 antiqua

111 2493 333 2556 contraherent
349 2495 400 2556 vel
419 2497 617 2568 omitterent,
639 2489 736 2551 modo
758 2493 813 2573 qui
831 2493 984 2573 excerptis
1002 2493 1078 2571 alia,
1097 2497 1161 2577 ple·

111 2603 248 2665 rumque
267 2583 439 2668 deteriora,
461 2582 681 2658 admiscerent,
706 2593 794 2640 aute
819 2582 961 2662 margine
982 2583 1162 2646 insererent.
1216 2608 1218 2614 ·

111 2675 232 2734 Mirum
253 2671 391 2734 hominis
409 2688 454 2734 cst
473 2674 611 2733 studium
630 2669 797 2731 revocandi
816 2671 966 2752 pleraque
985 2673 1024 2732 ad
1043 2689 1162 2736 veteres

112 2755 272 2822 Romanas
291 2759 472 2842 religiones,
491 2759 672 2820 Pontificias
692 2771 723 2818 et
742 2757 926 2834 Flaminias;
947 2781 1004 2822 nec
1027 2762 1164 2823 multum

114 2851 216 2926 abest,
235 2851 315 2932 quin
334 2853 462 2910 AEneam
480 2849 632 2910 Flaminis
655 2857 784 2907 munere
804 2846 987 2928 fungentem
1010 2848 1164 2911 exhibeat.

113 2938 225 3000 Nullus
240 2951 287 2999 est
300 2940 412 3015 codex,
425 2941 480 3022 qui
493 2941 615 3014 omnia,
628 2957 699 3021 quae
710 2934 768 2997 sub
783 2933 848 3018 ejus
860 2939 989 2996 nomine
1000 2935 1166 3015 habemus,

115 3025 353 3110 complectatur.
372 3026 475 3104 Quid?
492 3026 578 3108 quod
592 3039 724 3086 narrant
738 3024 816 3085 adeo
828 3023 946 3086 codices
961 3024 1104 3084 nondum
1119 3028 1166 3086 in-

115 3130 236 3198 spectos
244 3129 360 3177 exstare
368 3117 537 3198 ampliores
547 3117 600 3190 iis,
611 3116 666 3197 qui
677 3116 810 3197 expressi
822 3125 909 3173 sunt:
922 3114 984 3174 vid.
996 3116 1165 3176 Burmann.

116 3205 205 3288 praef.
220 3205 270 3288 (p.
284 3207 355 3288 27);
374 3205 453 3265 adde
464 3203 499 3264 de
510 3209 626 3264 Brosses
636 3200 778 3278 Sullane,
793 3203 898 3277 T.111‚
917 3225 949 3284 p.
965 3204 1032 3283 393.
1053 3206 1166 3274 Primae

116 3292 271 3354 editiones
292 3293 387 3353 Servii
405 3289 495 3352 valde
516 3303 605 3352 erant
622 3293 857 3364 contaminatae3
876 3290 983 3371 itaque
1002 3311 1058 3372 per
1076 3312 1168 3374 supe-

116 3383 213 3441 riores
232 3393 336 3441 aetates
357 3381 499 3440 virorum
514 3378 682 3440 doctorum
696 3375 879 3438 incredibile
897 3375 959 3435 fuit
973 3377 1114 3438 studium
1133 3382 1167 3438 in

117 3469 324 3551 congerendis
340 3469 483 3550 undique
501 3481 532 3528 et
552 3465 782 3550 amplificandis
800 3465 922 3525 laciniis
939 3467 1103 3529 Servianis.
1122 3469 1169 3528 De

117 3559 312 3620 editionibus
330 3558 458 3640 quidem
478 3558 643 3640 diligenter
657 3569 758 3616 actum
774 3567 821 3614 est
839 3555 872 3613 in
891 3554 961 3616 edd.
982 3556 1106 3638 Virgilii
1125 3579 1171 3617 re-

68 3673 70 3680 ·
118 3668 224 3708 censu.
243 3649 350 3707 Primo
366 3649 469 3707 statim
487 3649 609 3728 impetn
625 3665 653 3705 a.
676 3642 747 3724 1471
767 3642 913 3725 prodiere
929 3642 1169 3726 edd.'quinque.

119 3735 337 3798 Emendarunt
346 3739 486 3798 Servium
497 3735 578 3797 Phil.
588 3734 773 3809 Beroaldus,
789 3732 867 3794 Lud.
880 3733 997 3809 Carbo,
1010 3736 1044 3793 P.
1058 3736 1171 3794 Genni-

120 3847 198 3900 nus,
212 3827 263 3886 Jo.
275 3825 481 3907 Calpurnius,
495 3827 545 3886 Jo.
554 3828 641 3906 Bapt.
652 3825 814 3904 Egnatius.
825 3821 901 3882 Bob.
913 3820 1104 3905 Stephanus,
1115 3823 1183 3882 Ge:

121 3912 300 3989 Fabricius,
313 3913 402 3973 Fulv.
414 3913 560 3989 Ursinus,
575 3913 608 3972 P.
624 3909 750 3986 Daniel,
765 3909 947 3985 Masvicius,
961 3912 1169 3970 Burmannus.
