2726 4592
498 311 706 378 Liunns.
1061 315 1123 409 369

72 441 134 501 bus
142 436 344 518 virgilianis:
359 435 440 495 etde
454 434 563 496 iisdem
577 434 771 496 Ludovicum
781 436 941 496 Vivesium
955 438 988 497 in
1002 437 1123 502 Praefat.

74 533 117 592 ad
131 529 298 609 Georgica3
314 538 406 608 atque
418 527 511 586 etiam
523 528 542 586 J
544 546 616 587 oen.
632 525 811 607 Fungerum
824 529 857 586 in
867 521 1094 610 Etymologico.

427 823 753 932 ‘cirurrv.
907 965 910 972 ¹

78 1044 260 1106 ELOGIA.
277 1040 452 1104 SUMPTA
475 1041 534 1100 EX
554 1036 907 1101 COMPARATIONE
930 1043 1127 1114 VIRGlLll

215 1225 294 1273 CUM
313 1196 446 1270 l’OETIS
466 1222 579 1282 ALllS,
600 1223 742 1268 GRAEGIS
762 1223 807 1268 ΕΤ
825 1223 987 1271 LATINIS.

28 1432 31 1440 .
118 1377 304 1436 Exrsnrruu
322 1395 372 1432 me
387 1371 453 1454 jum
471 1371 512 1432 ab
527 1372 704 1452 eloquentia
720 1385 752 1432 et
770 1371 898 1453 reliquis
912 1373 1046 1452 artibus,
1062 1386 1128 1460 qui-

79 1467 139 1526 bus
153 1463 438 1544 lloruitVirgilius,
455 1463 556 1544 poesis
576 1461 614 1520 ud
634 1475 791 1538 sevocat,
812 1460 898 1542 cujus
916 1463 968 1523 ille
986 1480 1032 1526 est
1045 1471 1127 1548 prin-

81 1573 166 1633 ceps:
182 1572 281 1632 quum
297 1571 371 1610 vero
386 1571 456 1632 pars
470 1549 606 1608 maxima
620 1562 650 1608 et
663 1551 824 1630 potissima
841 1550 1015 1631 elogiorum
1026 1556 1128 1638 Virgi-

79 1641 173 1701 lianae
186 1661 315 1723 poeseos
331 1642 433 1722 posita
448 1641 480 1700 iu
497 1639 644 1714 victoria,
657 1660 718 1719 qua
732 1641 903 1698 Homerum
919 1642 1039 1717 obruit,
1053 1666 1128 1706 con·
1221 1680 1238 1692 κ

77 1729 208 1811 jungam
226 1733 259 1790 in
274 1751 373 1790 unum
389 1741 543 1804 auctores,
557 1750 594 1788 eo
608 1727 722 1806 modo,
738 1750 801 1809 quo
816 1729 874 1788 feci
889 1731 922 1788 iu
935 1731 1057 1810 Tullio,
1073 1739 1129 1816 qu'i

79 1817 246 1899 Virgilium
257 1817 378 1877 faciunt
390 1817 718 1892 Proximum,Parem,
731 1815 882 1898 Majorem
894 1820 1043 1880 Homero.
1057 1824 1128 1882 Duo

79 1908 182 1988 prima
196 1905 272 1966 falsa
287 1921 378 1966 sunt:
395 1927 460 1966 non
478 1907 615 1966 Homero
627 1907 775 1990 Virgilius
789 1909 966 1988 proxi-mus,
981 1911 1041 1970 nisi
1053 1921 1129 1970 tem-

77 2014 173 2077 pore,
188 1993 274 2074 quod
288 2015 408 2054 neccsse
427 1994 503 2053 luit:
518 1993 606 2054 nulla
620 2015 653 2053 re
667 2015 739 2076 par3
759 1996 906 2062 omnibus
926 1995 1040 2078 major:
1057 1999 1129 2076 sed,

80 2077 338 2166 quamvis'prima
352 2084 432 2160 duo,
446 2099 481 2144 ut
495 2084 575 2160 dixi,
590 2083 755 2144 falsissima
770 2087 851 2159 sint,
868 2083 946 2144 milri
961 2101 1067 2145 tamen
1081 2109 1129 2148 re·

80 2171 204 2231 citanda
217 2173 375 2232 verissime
389 2172 553 2232 doctorum
568 2171 685 2250 elogia,
699 2173 820 2230 etiamsi
834 2173 868 2230 in
881 2171 930 2230 his
947 2193 1013 2232 non
1031 2172 1127 2234 docti.

424 2328 610 2372 rnoxruns
631 2308 789 2368 nounno.

118 2458 187 2515 Hoc
198 2474 338 2534 expresse
347 2429 561 2529 Quintilianus
572 2452 663 2510 sentit
675 2449 730 2508 lib.
739 2450 785 2508 X:
799 2449 842 2507 ait
854 2451 1128 2531 enim,Virgilium

79 2549 219 2608 Homero
238 2543 324 2604 haud
346 2543 443 2603 dubio
471 2541 562 2602 fuisse
590 2541 769 2622 proximum
800 2541 941 2600 omnium
965 2555 1129 2621 poetarum
1195 2547 1217 2624 ’κ

79 2656 254 2720 graecorum
267 2634 516 2714 latinorumque,
535 2634 577 2690 ita
589 2645 624 2689 ut
636 2627 787 2690 secundus
802 2629 842 2686 sit
855 2644 925 2708 post
939 2631 1128 2710 Homerum,

80 2741 174 2808 atque
187 2727 232 2785 ita
246 2723 416 2798 secundus,
430 2735 465 2782 ut
478 2723 585 2784 tertius
598 2719 691 2800 longe
706 2718 794 2777 distet
807 2719 982 2800 aVirgilio,
994 2726 1049 2800 'qui
1062 2743 1129 2804 per·

79 2815 153 2884 inde
166 2815 296 2895 propior
308 2826 353 2872 est
366 2815 486 2896 primo,
502 2832 596 2892 quam
610 2810 716 2869 tertio:
733 2805 824 2866 affert
838 2805 898 2866 lroc
914 2801 1127 2883 Quintilianus

80 2925 114 2963 ex
126 2904 268 2963 Domitio
278 2901 352 2962 Afro
363 2923 369 2960 :
381 2922 475 2982 quam
485 2901 670 2962 sententiam
681 2896 827 2958 Alcinous
837 2895 973 2958 reddidit
985 2900 1049 2958 istis
1061 2917 1128 2959 ver-

79 2995 185 3068 sibus3
198 2991 269 3052 vide
282 2989 380 3067 infra,
392 3011 465 3071 pag.
481 2989 556 3070 399:

186 3128 227 3180 De
239 3145 349 3179 numero
362 3139 453 3180 vatum
465 3128 488 3178 si
501 3129 559 3197 quis
572 3138 685 3198 seponat
697 3127 857 3190 Homerum,

224 3206 360 3256 Proximus
373 3225 388 3256 a
400 3208 488 3277 primo
502 3217 565 3256 tunc
576 3205 653 3255 Maro
665 3207 767 3275 primus
780 3207 838 3256 erit.

187 3284 235 3348 Et,
248 3285 270 3334 si
282 3296 343 3354 post
355 3287 472 3355 primurn
482 3284 558 3335 Maro
570 3296 717 3353 seponatur
728 3285 887 3345 Homerum,

222 3366 314 3435 Longe
326 3367 376 3416 erit
388 3384 404 3417 u
414 3366 518 3437 primo,
530 3365 644 3436 quisque
656 3363 789 3416 secundus
800 3363 859 3440 erit.
898 3391 903 3426 ,

80 3491 148 3548 Hoc
158 3486 343 3546 testimonio
355 3485 501 3563 eflicitur,
511 3485 715 3568 Sophoclem,
725 3483 896 3544 Pindarum
907 3526 915 3556 ,
928 3480 1107 3562 Euripidem
1118 3532 1128 3578 2.

79 3573 275 3658 AEschylum,
290 3573 415 3637 demum
429 3577 535 3637 Gaecos
552 3576 645 3654 longe
659 3575 772 3633 distare
789 3571 828 3632 ab
841 3573 997 3643 Homero,
1011 3571 1036 3628 si
1051 3593 1125 3632 con·

80 3665 224 3724 ferantur
240 3683 310 3722 curn
321 3663 470 3745 Virgilio,
485 3665 540 3746 qui
555 3663 692 3724 Homero
706 3663 876 3743 proximus
891 3659 1016 3716 Summa
1033 3657 1127 3741 elogii

80 3751 148 3812 haec
163 3764 208 3810 est
220 3773 227 3808 ι
239 3753 394 3813 Homerus
408 3755 545 3813 vicinum
563 3751 622 3812 sibi
635 3750 804 3810 admodum
821 3747 933 3807 habuit
943 3746 1125 3826 Virgilium:

81 3856 213 3924 uterque
232 3841 369 3922 reliquos
388 3863 496 3903 omnes
517 3843 641 3903 Graecos
661 3853 690 3901 et
710 3840 837 3898 Latinos
855 3836 948 3914 longe
969 3831 1126 3898 distantes.

81 3932 257 3992 Politianus
276 3931 508 4010 proximitatem
526 3930 606 3994 hanc
626 3924 806 4010 scrupulose
824 3923 977 4008 agnoscit,
990 3935 1019 3983 et
1039 3928 1125 4006 quasi

81 4023 200 4082 invitus
215 4040 251 4082 ac
262 4019 387 4100 nolens,
399 4042 497 4104 quum
508 4018 568 4083 uit:

150 4136 176 4190 7·
908 4117 941 4182 ²l
