2704 4582
308 273 363 336 IN
386 270 740 372 AENEIDOSVLIB.
764 272 827 334 XI.
1026 276 1087 366 159

80 391 148 471 294.
164 394 241 454 Dixi
254 391 337 474 jam,
350 393 471 452 duabus
484 391 624 474 partibus
634 393 791 452 contineri
805 389 887 454 hone
898 398 1089 480 orationem,

45 481 72 538 in
88 485 194 562 prima
207 483 381 544 Diomedes
394 497 486 562 negat
499 481 665 555 auxilium,
685 481 717 540 in
735 480 831 540 altero
843 485 953 545 suadet
971 509 1089 569 pacem.

46 567 137 649 Ergo,
146 572 262 637 audisti
271 595 337 656 quor
347 575 405 633 sint
415 594 561 654 responso,
575 572 677 645 idest,
689 583 725 630 ut
736 575 894 652 negaverit
902 575 1017 638 auxilie
1027 603 1033 638 ε
1044 594 1091 656 et,

47 678 105 734 quae
113 663 307 722 sitsenteutia
317 665 349 721 in
360 682 467 744 mapno
478 659 533 722 hoe
543 658 632 734 bello,
645 657 677 718 id
689 671 749 732 est,
763 673 799 720 ut
808 665 941 723 suaserit
954 687 1071 747 paoem.

82 749 149 826 296.
160 749 288 810 Audisti
299 752 462 831 strepitum
470 771 550 831 ,quo
561 751 637 831 ripae
647 747 833 822 infremunt,
843 771 940 832 quum
948 775 1093 816 saxorum

47 831 167 912 objectu
190 840 385 920 rapidissimi
410 859 516 899 amnes
538 836 790 920 praecluduntur:
811 859 882 896 rum
902 839 963 900 hoc
985 843 1094 911 condet·

47 919 214 991 fremorem
228 933 430 1007 latinorum,
443 931 498 1010 qui
510 929 550 990 ed
561 928 737 1010 1000100000
749 947 922 989 sermonem
933 933 1060 996 turbati.

83 1015 151 1077 300.
165 1019 312 1096 Dixerat,
325 1021 521 1083 audientium
528 1041 582 1080 oro
587 1020 742 1102 fremuisse
746 1041 758 1091 ‚·
767 1038 1023 1102 nuno-opponens
1036 1028 1095 1102 ait,

9 1107 14 1168 1
49 1121 95 1161 ora
109 1110 268 1187 quierunt3
285 1123 317 1170 et
330 1109 458 1192 ¹¹trepida,
476 1112 549 1190 quie
566 1109 613 1168 ihi
634 1106 762 1184 turbata:
781 1107 855 1168 inde
873 1124 931 1186 est,
946 1123 981 1170 ut
998 1117 1095 1174 enimi

49 1210 171 1274 quoque
183 1195 397 1278 piscarentur.
410 1200 540 1260 Latinus
554 1198 658 1277 itaque
666 1193 736 1276 ‘jam
747 1195 791 1254 od
805 1196 944 1276 placatos
960 1199 1020 1260 ieri
1039 1223 1095 1284 po·

50 1281 116 1356 tuit,
131 1289 312 1365 praemisse,
323 1301 362 1348 ut
372 1308 442 1348 mos
453 1292 514 1360 est,
527 1287 665 1345 Deorum
674 1284 872 1365 prefatione.

84 1369 153 1432 302.
169 1375 306 1437 Initium
319 1375 470 1436 orationis
488 1374 527 1434 ob
542 1373 625 1432 malo
634 1418 643 1447 ,
656 1373 740 1454 quod
758 1372 824 1454 jem
841 1388 887 1434 est
903 1395 1052 1457 presens,
1068 1393 1098 1439 et

50 1455 273 1539 1010011000,οῐ
283 1465 325 1524 ito
336 1474 435 1524 arctet
443 1461 618 1537 auditores,
629 1473 782 1543 00000000
793 1459 832 1519 ed
843 1462 890 1535 id,
901 1464 986 1543 quod
997 1467 1098 1526 inten-

52 1541 99 1605 dit.
118 1549 212 1609 Prius
232 1551 336 1610 fuerat
355 1550 554 1611 statuendum
571 1571 634 1610 esse
651 1547 689 1608 de
705 1547 780 1608 beili
794 1569 933 1626 summo,
952 1573 1018 1614 non
1037 1553 1098 1616 hoe

9 1709 10 1718 ¹
50 1646 208 1717 lempore,
228 1661 329 1720 quum
348 1639 536 1700 obsidemur.
555 1643 592 1700 In
609 1637 658 1698 his
674 1637 808 1698 latenter
825 1642 924 1721 carpit
939 1643 1079 1704 Turnum
1090 1645 1114 1720 ,'

9 1725 11 1748 '
52 1725 98 1800 qui
108 1727 405 1810 noluitperiouium
416 1725 1098 1810 expenderemitioheili3mmlibAEani,

9 1861 10 1904 3
52 1810 116 1890 596,
127 1814 173 1877 ad
185 1817 279 1879 illum
290 1821 436 1894 Latinus,

253 1929 293 1985 Te
306 1929 402 1986 tumr
411 1926 549 2009 nefos‚to
558 1927 633 1984 triste
641 1922 773 1983 manebit
839 1979 843 1990 ,

143 2010 348 2094 Supplicium,
363 2016 491 2096 votisque
499 2015 577 2073 Deos
589 2011 758 2072 verrerabere
769 2013 846 2070 seris·

9 2147 10 2208 p
86 2117 155 2178 305.
178 2119 228 2178 En
247 2119 317 2180 iaus
336 2119 544 2202 Trojanorum
565 2119 603 2179 od
622 2131 791 2179 terrorem:
809 2139 878 2200 qens
896 2132 938 2180 est
955 2121 1099 2198 Deorum,

9 2209 10 2280 1
51 2221 159 2266 eontra
171 2229 269 2288 quam
281 2206 474 2292 pugnamus3
489 2210 521 2270 id
538 2224 669 2292 propter
682 2211 815 2268 AEnean:
834 2209 934 2268 invicti
947 2215 1099 2286 sunt'viri,
1158 2243 1162 2251 ·

9 2305 10 2346 ἒ
51 2293 78 2353 id
90 2309 225 2378 propter
238 2297 377 2380 reliquos
388 2298 555 2380 Trojanos:
576 2319 612 2357 00
627 2298 766 2378 proinde
779 2293 884 2356 bellum
901 2311 947 2356 est
962 2299 1100 2379 importu-

9 2455 11 2472 ν
51 2407 138 2459 num,·
160 2407 237 2445 nam
258 2387 372 2448 scilicet
393 2407 572 2470 pugnamus
594 2385 741 2446 mortales
763 2397 874 2445 contra
897 2385 1002 2462 Deos,
1024 2389 1100 2450 victi

52 2487 155 2534 contra
170 2478 316 2538 invictos.
328 2479 459 2552 Probat,
472 2497 541 2558 quae
555 2474 690 2534 dixerat:
705 2475 757 2533 Dii
770 2487 858 2550 sunt,
872 2476 946 2556 quia
955 2471 1039 2536 00110
1050 2497 1101 2535 eos

47 2562 176 2644 frtiqant
188 2561 310 2644 proeiia:
326 2566 436 2625 invicti
452 2577 538 2638 sunt,
552 2565 626 2644 quia
643 2564 669 2621 si
685 2560 856 2644 aliquando
869 2559 997 2622 fortasse
1013 2565 1102 2638 victi,

52 2662 168 2726 tamen,
181 2673 236 2712 ner
248 2655 316 2714 vieti
325 2667 447 2736 possunt
459 2653 689 2735 obsistereferro.
1071 2653 1073 2658 ’

88 2739 157 2800 308.
171 2739 306 2801 Possent
318 2741 465 2822 objicere:
482 2742 555 2800 victi
572 2761 694 2814 sumus,
708 2739 760 2798 sed
775 2753 867 2798 erunt
881 2739 1010 2798 auxilia:
1025 2737 1103 2821 prae-

54 2827 123 2889 cidit
143 2827 230 2888 hone
253 2851 359 2912 spem3
385 2853 459 2890 nam
481 2829 594 2906 AEtoli,
612 2827 803 2888 Diomedem
824 2827 963 2899 indicat,
987 2829 1102 2888 auxilia

53 2934 176 3002 negant.
190 2921 325 2980 Possem
336 2942 440 2980 rursus
455 2918 607 3001 objicere:
624 2919 648 2976 si
663 2939 726 2976 non
743 2929 818 2974 sunt
831 2929 956 2974 externa
971 2915 1103 2994 auxilia„

53 3013 168 3092 quisque
181 3007 237 3068 sibi
253 3011 308 3069 en't
323 3031 400 3091 spes:
416 3008 558 3090 praeoidit
572 3006 633 3066 hoc
649 3025 790 3087 quoqne²
807 3004 880 3084 quia
898 3002 959 3064 iroer
977 3017 1104 3085 anqusta

54 3112 104 3158 est:
117 3113 150 3158 et
160 3099 293 3180 probat3
306 3121 379 3158 nam
390 3112 493 3160 emtera
505 3101 604 3158 omnio
616 3093 747 3178 perculso
757 3107 826 3155 sunt
834 3095 919 3154 ruina
928 3117 937 3150 :
946 3105 1035 3152 testes
1046 3114 1102 3154 vos

9 3203 12 3210 ·
54 3189 137 3262 estis,
151 3199 189 3246 ut
204 3189 257 3270 qui
274 3187 371 3247 oculis
388 3188 529 3263 cernitis,
548 3199 577 3246 et
595 3185 742 3244 monibus
762 3184 901 3244 tractatis
916 3179 984 3262 jem
995 3181 1102 3244 diram

54 3277 170 3337 cladem
180 3300 187 3336 z
199 3275 278 3335 dicit
288 3277 350 3337 hoc
363 3290 491 3358 propter
505 3290 663 3350 mortuos,
679 3277 813 3358 quiante
827 3293 877 3332 ora
892 3283 1024 3333 recentes.

57 3445 105 3500 tes,
119 3433 202 3487 iidem
217 3433 417 3488 obstrinximus.
432 3459 443 3484 n
465 3435 553 3488 Cerdo.
599 3432 677 3486 Ovid.
689 3433 756 3482 Met.
771 3431 833 3492 XV,
846 3428 1100 3502 Plin.·Peneg.Traj.

57 3539 86 3549 -
96 3513 152 3581 Qua
160 3513 246 3564 datur.
256 3516 317 3581 Qua
325 3528 427 3585 potest,
438 3533 555 3586 quarun-
600 3526 626 3564 et
635 3513 738 3563 Livium
751 3523 822 3561 nost.
835 3507 906 3559 Edit.
920 3509 973 3560 vol.
986 3514 1012 3574 Ι,
1023 3531 1050 3583 p.
1063 3513 1087 3564 8,

57 3593 221 3662 0000011000
234 3595 405 3662 permittitur.
419 3596 489 3648 Seru.
635 3587 695 3642 305.
709 3587 815 3641 Bellum
827 3589 1016 3658 importunum.
1027 3588 1103 3642 Con-

88 3674 147 3724 300.
161 3671 293 3742 Praefatur
299 3671 381 3724 diuos.
394 3673 471 3724 More
484 3673 555 3724 snti-
597 3671 789 3739 ospitgrarern
798 3666 978 3739 iracundiam,
989 3679 1016 3718 et
1026 3669 1064 3722 sie
1074 3672 1102 3722 in

57 3769 118 3821 00ος
133 3771 196 3805 nam
206 3755 324 3821 majores
339 3752 441 3804 nullam
456 3753 556 3803 oratio·
598 3747 656 3800 haeo
668 3747 751 3799 verba
763 3748 904 3818 prorupit:
921 3747 1102 3818 impornrnum

57 3850 111 3884 nem
127 3835 179 3884 nisi
192 3833 328 3886 invocatis
345 3830 500 3883 numinibus
515 3832 555 3880 in·
601 3839 690 3880 sutem
707 3839 763 3892 est,
783 3827 829 3878 nbi
849 3825 952 3877 nullum
967 3829 1102 3900 refugium

9 3953 10 3986 ,
59 3911 203 3964 rhoobant:
225 3913 295 3964 siout
310 3923 372 3961 sunt
388 3927 480 3962 omnes
495 3927 556 3960 ore·
600 3907 734 3978 00000011
744 3920 818 3962 earet
830 3919 920 3978 porto,
930 3906 959 3958 id
969 3919 1017 3974 est,
1029 3911 1102 3980 quie·

9 3989 10 3994 ’
61 3991 138 4042 tiones
156 3991 267 4044 Catonis
290 4001 316 4042 et
338 3989 462 4041 Gracchi.
486 3986 555 4040 Vide
601 4001 640 4052 te,
653 3987 701 4040 ubi
712 3986 801 4040 nuilus
814 3998 855 4039 est
866 3998 969 4056 portus.
