2742 4596
151 281 164 312 ·
192 281 259 368 rso
556 284 622 350 nu
643 283 875 352 vmcrmr

192 407 371 468 institutum
382 406 416 466 in
430 404 563 486 Virgilio
576 409 599 466 si
614 407 682 489 quis
694 407 888 489 sequendum
898 405 957 467 sibi
968 406 1247 484 essecredidisset,

190 493 364 558 verendum
377 496 405 555 ei
418 513 482 554 non
498 513 563 554 esse
574 494 779 576 putabamus,
790 515 831 555 ne
844 493 988 555 inutilem
1000 508 1031 555 et
1041 515 1157 555 vanam
1167 515 1246 576 ope·

191 603 261 644 ram
274 580 391 642 locasse
406 579 574 642 videretur.
595 583 666 644 Jam
685 601 783 663 quum
800 583 925 644 consilii
941 580 1034 664 hujus
1050 579 1243 663 exsequendi

192 669 308 752 duplex
322 671 401 730 ratio
420 669 494 728 iniri
512 671 624 752 possit,
646 685 701 730 aut
719 681 754 730 ut
770 689 879 731 omnes
897 671 1041 730 omnium
1059 685 1242 752 temporum

191 759 346 820 editiones
355 761 389 818 in
401 755 546 819 manibus
557 757 690 834 habeas,
704 780 873 842 earumque
882 761 1117 842 comparatione
1126 779 1243 840 cogna-

193 851 294 910 tiones
308 863 337 910 et
353 862 516 910 stemmata
536 849 730 932 singularum
750 849 926 911 editionum
939 850 1111 930 intelligas,
1133 861 1188 908 aut
1206 859 1242 906 ut

192 939 327 1000 aliorum
338 937 432 1000 fidem
446 940 598 1020 sequaris,
612 951 642 1000 et
656 961 691 1000 ex
706 941 759 1016 iis,
777 961 847 1022 quae
859 943 922 1000 sive
937 961 955 1000 a
969 942 1083 1002 criticis
1095 953 1124 998 et
1139 939 1242 999 edito·
1354 924 1355 992 l

193 1025 298 1104 ribus,
320 1029 384 1088 sive
405 1049 422 1088 a
441 1029 517 1086 viris
538 1025 653 1102 doctis,
675 1029 729 1107 qui
750 1039 864 1088 veteres
884 1041 915 1087 et
934 1029 1066 1088 rariores
1089 1026 1244 1086 editiones

193 1127 496 1191 commemorarunt,
508 1115 546 1176 de
560 1115 691 1196 singulis
704 1114 896 1178 editionibus
908 1116 1032 1197 prodita
1047 1129 1134 1189 sunt,
1150 1113 1243 1173 ratio-

192 1225 247 1280 ne,
265 1203 385 1284 judicio
401 1225 455 1264 seu
469 1201 647 1284 conjectura
663 1201 768 1264 elicias
785 1217 877 1284 atque
888 1205 1067 1286 expiemus,
1089 1200 1129 1260 ad
1147 1220 1243 1281 quam

191 1283 343 1376 'tanquam
363 1294 489 1374 stirpem
505 1313 701 1375 unaquaeque
718 1294 814 1354 editio
828 1292 988 1354 referenda
1003 1295 1061 1352 sit:
1081 1293 1169 1374 prior
1188 1287 1243 1350 illa

190 1385 243 1462 ‚via
256 1396 286 1444 et
297 1387 375 1444 ratio
388 1382 474 1444 haud
485 1383 580 1456 dubie
589 1384 687 1444 tutior
696 1395 762 1445 erat
772 1397 801 1444 et
811 1382 936 1456 melior3
948 1385 982 1444 in
991 1381 1126 1464 Virgilio
1136 1395 1243 1440 tamen

192 1472 282 1534 nullo
301 1471 397 1536 modo
414 1474 489 1533 iniri
510 1485 646 1554 poterat,
665 1492 763 1553 quum
785 1491 885 1552 neque
903 1470 1002 1532 ullam
1018 1468 1242 1530 bibliothecam

192 1562 294 1626 adhuc
308 1563 498 1638 audierimus
509 1582 586 1636 esse,
602 1582 671 1643 qnae
683 1560 732 1622 vel
742 1573 857 1622 sextam
868 1560 1046 1622 editionum
1054 1558 1243 1640 Virgiliana-

189 1653 262 1716 rum
277 1668 396 1735 partem
413 1653 587 1726 contineam
606 1671 708 1732 neque
725 1642 896 1732 exspectari
912 1669 1003 1732 posse
1018 1649 1244 1722 existimamus,

194 1755 229 1802 ut
240 1738 511 1820 majoremsaltem
524 1759 631 1800 earum
645 1751 765 1821 partem
779 1740 812 1797 in
827 1759 927 1798 unum
941 1737 1049 1810 locum
1063 1746 1244 1817 congestam

191 1825 307 1908 aliquis
322 1825 437 1902 rideat3
449 1826 547 1888 altera
560 1840 664 1888 autem
676 1827 751 1886 satis
764 1825 892 1908 quidem
904 1823 1039 1902 lubrica,
1052 1821 1245 1883 difficultati·

193 1913 252 1978 bus
267 1917 418 1998 impedita
431 1929 461 1976 et
476 1917 633 1978 erroribus
651 1915 787 1990 obnoxia
803 1915 903 1978 videri
918 1913 1063 1994 debebat.
1078 1915 1187 1992 Quum
1201 1925 1245 1972 ta·

192 2027 266 2068 men
277 2007 433 2088 optimum
444 2019 474 2066 ct
482 2005 686 2067 utilissimum
696 2006 866 2071 consilium
877 2005 967 2068 aliter
976 2005 1083 2089 perfici
1091 2006 1243 2086 nequiret,

193 2093 233 2154 ab
249 2093 310 2156 alio
325 2105 429 2157 autem
446 2114 485 2154 ne
498 2095 613 2154 tentari
628 2092 755 2174 quidem
771 2108 892 2176 posset,
912 2094 973 2154 nisi
988 2093 1043 2174 qui
1061 2094 1094 2151 in
1108 2089 1243 2172 Virgilio

192 2183 429 2266 interpretando
443 2197 630 2264 versaretur,
644 2198 675 2246 et
689 2183 822 2266 publicae
837 2183 969 2264 alicujus
982 2179 1183 2242 bibliothecae
1194 2180 1246 2240 lit·

193 2274 314 2336 terariis
329 2273 434 2357 copiis,
444 2273 611 2354 instructus
628 2285 720 2350 csset;
740 2293 902 2354 quumque
916 2271 965 2332 vel
982 2272 1025 2332 sic
1039 2269 1244 2352 aliquotenns

191 2382 372 2448 progressus
387 2382 452 2423 esse
467 2363 524 2422 tibi
536 2361 635 2422 videri
649 2363 765 2444 possis3
778 2360 874 2424 modo
888 2359 1025 2420 fundum
1041 2357 1178 2440 aliquem
1190 2377 1245 2438 po-

193 2453 308 2528 sueris,
320 2453 369 2512 cui
381 2450 582 2528 inaedificare,
595 2465 638 2526 et,
652 2451 737 2533 quod
747 2449 807 2512 tihi
817 2452 996 2532 contingere
1008 2469 1074 2512 non
1085 2459 1245 2529 potuerat,

194 2561 261 2619 rem
279 2553 340 2602 ate
356 2539 535 2624 inchoatam
549 2541 711 2623 perficere,
730 2539 801 2602 aliis
820 2543 853 2600 in
873 2553 999 2623 promtu
1014 2541 1071 2598 sit:
1088 2535 1247 2618 nequesic

194 2649 322 2711 operam
333 2628 415 2690 hauc
427 2629 652 2710 delpgiendam
662 2652 725 2692 esse
734 2631 877 2706 arbitrati
887 2651 1002 2706 sumus.
1015 2629 1044 2690 Si
1056 2629 1141 2686 enim
1151 2625 1248 2686 semel

195 2717 372 2798 editionum
381 2721 493 2801 stirpes
503 2741 539 2780 ac
548 2719 685 2782 familias
694 2721 744 2782 vel
752 2723 979 2802 pinguiore,ut
988 2721 1091 2793 aiunt,
1102 2719 1247 2777 Minerva

194 2808 364 2892 descriptas
380 2807 603 2888 habuerimus,
623 2813 810 2892 unicuique,
830 2813 884 2892 qui
899 2809 1065 2870 editionem
1081 2805 1177 2876 nobis
1193 2819 1249 2866 aut

194 2917 261 2958 non
280 2899 379 2968 visam
395 2901 614 2982 ettcognitam‚
633 2913 772 2976 autnon
788 2902 1021 2970 satisaccurate
1038 2910 1070 2956 et
1087 2893 1249 2978 explorate

195 2985 383 3070 descriptam
398 2989 455 3058 sub
473 3009 570 3052 manu
582 2987 742 3066 habuerit,
760 2987 853 3050 facile
867 3003 898 3050 et
912 2985 1090 3070 expeditum
1106 2986 1179 3060 erit,
1200 2985 1249 3044 di·

194 3079 311 3160 spicere
323 3100 358 3140 ac
372 3079 518 3154 delinire,
532 3079 572 3140 ad
587 3079 672 3160 quod
687 3080 861 3140 editionum
876 3099 988 3161 genus,
1001 3076 1041 3148 ad
1056 3095 1152 3157 quam
1168 3075 1249 3135 clas·

195 3185 276 3242 sem,
294 3188 330 3246 ea
346 3168 393 3246 sit¹
405 3161 582 3251 referenda,
604 3167 757 3250 quodque
767 3167 845 3230 adeo
861 3169 998 3251 pretium
1012 3167 1039 3226 ei
1052 3166 1094 3224 sit
1111 3177 1250 3224 statuen-

195 3253 289 3330 dum,
304 3276 412 3338 queve
423 3279 459 3327 ex
471 3278 508 3321 ea
522 3259 585 3320 sive
600 3257 638 3323 ad
653 3279 720 3318 rem
731 3260 886 3334 criticam,
896 3260 960 3320 sive
970 3255 1008 3315 ad
1020 3254 1250 3336 interpretatio·

195 3361 270 3407 nem
283 3342 402 3404 utilitas
414 3346 454 3407 sit
465 3345 682 3429 exspectandas
690 3346 739 3423 lta
749 3345 876 3420 taudem
888 3347 914 3408 si
927 3344 1031 3425 plures
1044 3363 1095 3417 ea,
1108 3361 1179 3423 quae
1191 3341 1251 3422 ipsi

196 3429 495 3512 animadverterint,.
511 3437 676 3519 diligenter
695 3429 884 3500 etlaccurate
905 3432 1106 3508 tradiderint,
1126 3449 1251 3512 sperare

197 3521 286 3600 licet,
304 3521 402 3582 alium
417 3539 488 3605 post
499 3547 558 3588 nos
577 3549 614 3588 eo
633 3513 857 3610 perventurum
871 3545 950 3600 esse,
971 3538 1008 3584 ut
1022 3521 1249 3586 accuratiorem

196 3609 689 3691 Virgilianicarminishistoriam
697 3627 899 3698 pertexerc‚et
906 3611 1063 3696 pleniores
1071 3608 1250 3669 editionum

197 3695 325 3758 annales
337 3698 470 3761 condere
482 3705 588 3784 possit.
611 3705 682 3782 Quo
697 3707 803 3786 itaque
817 3723 917 3784 usque
928 3721 999 3762 cum
1013 3719 1070 3780 per
1084 3696 1249 3779 ingenium

196 3795 338 3846 nostrum
346 3829 359 3866 ,y
371 3787 459 3868 quod
473 3789 548 3852 alias
559 3784 603 3852 ⁸ab
619 3789 678 3852 hac
694 3794 738 3864 rei
756 3791 917 3854 litterariae
933 3786 1106 3860 subtilitate
1121 3795 1152 3844 et
1165 3780 1249 3843 solli-

196 3870 335 3934 citudine
346 3872 506 3954 abhorret,
522 3891 590 3938 tum
601 3899 657 3960 per
666 3881 724 3955 otii
737 3879 1001 3954 nostrirationem
1012 3873 1114 3947 licuit,
1127 3891 1165 3932 eo
1176 3889 1250 3952 pro·

196 3961 289 4042 gressi
302 3982 426 4044 sumus,
437 3980 468 4028 et
480 3967 752 4052 quandoquidem,
771 3981 807 4033 ut
816 3968 882 4032 fata
894 3980 926 4032 et
937 3961 1166 4035 vicissitudines
1178 3961 1249 4030 Vite
