2674 4586
266 324 307 390 35
594 313 985 380 oouunurturt

265 444 316 506 sed
328 441 412 515 vide,
422 449 457 500 ut
466 437 574 498 omnia
583 434 633 496 hic
644 437 757 517 tragica
770 438 845 508 sint:
862 448 892 495 et
907 457 1020 516 magna
1032 448 1149 518 puncto
1160 441 1329 520 temporis

264 555 368 595 rerum
383 528 539 590 turbatio:
555 528 656 600 savit,
671 539 701 584 et
712 526 826 585 clamat
839 538 947 585 contra
962 527 1131 608 Euryalum
1146 531 1329 605 Volscens3

264 625 362 697 dolet,
382 636 412 681 et
425 622 537 702 clamat
552 637 609 700 pro
624 616 760 697 Euryalo
776 617 884 675 Nisus:
900 636 972 676 nam
985 617 1133 678 Volscens
1148 620 1236 679 nudo
1247 619 1329 698 jam

263 711 368 794 gladio
391 713 424 768 in
445 709 535 766 illum
558 701 685 764 ruebat:
708 704 799 762 Nisus
821 705 971 764 exterritus
990 704 1046 764 illo
1068 706 1260 786 spectaculo,
1289 720 1329 766 et

262 819 362 858 antens
373 796 496 868 dolore,
516 814 531 852 e
547 790 680 852 tenebris
698 787 846 850 arborum
863 791 1000 870 prosilit:
1016 791 1180 853 transfixus
1193 792 1328 854 acerbi-

262 902 327 948 tate
341 888 399 961 rei,
414 893 506 966 quam
520 881 659 954 videbat,
671 879 787 938 fatetur
799 900 830 938 se
842 900 904 940 esse
918 880 1050 940 caedium
1064 882 1190 942 illarum
1205 899 1326 943 aucto-

262 997 343 1036 rem:
359 974 512 1046 hortatur,
523 983 556 1030 ut
567 971 599 1028 in
611 989 641 1029 se
652 967 785 1042 ferrum,
796 988 861 1027 non
873 989 953 1028 unus
963 967 1125 1044 Volscens,
1138 970 1190 1029 sed
1202 991 1327 1030 omnes

261 1075 462 1126 convertant:
477 1062 612 1120 amicum
625 1071 761 1129 excusat,
782 1058 884 1134 primo
898 1058 970 1138 quia
985 1077 1046 1116 non
1058 1080 1159 1132 ausus,
1172 1058 1325 1135 deinde,

261 1155 333 1234 quia
344 1172 402 1212 non
412 1151 520 1231 potuit3
530 1147 738 1226 advocatque,
749 1158 785 1202 ut
794 1143 951 1219 credatur,
961 1144 1071 1204 caelurn
1080 1159 1110 1204 et
1118 1144 1231 1218 sidera,
1242 1167 1325 1226 quae

259 1241 361 1302 adhuc
374 1239 577 1321 apparebant,
592 1255 658 1296 non
672 1236 804 1294 omnino
818 1247 908 1294 nocte
921 1233 1062 1294 evanida.
1083 1236 1153 1295 Non
1168 1235 1322 1316 expendo

259 1334 415 1407 illa,Me,
436 1351 500 1388 me:
520 1326 637 1399 adsum,
657 1327 708 1406 qui
719 1325 798 1406 feci:
815 1327 889 1404 q'uia
909 1323 969 1384 hoc
990 1346 1084 1384 nemo
1103 1338 1215 1405 queat:
1234 1325 1322 1386 adeo

258 1435 351 1503 poeta
359 1441 452 1500 supra
464 1421 557 1498 vires,
570 1428 649 1474 certe
657 1433 756 1487 meas,
767 1412 894 1474 fortasse
902 1414 1062 1474 omnium!
1073 1413 1212 1474 Absolvit
1220 1435 1323 1474 versu

257 1509 330 1582 illo,
343 1511 483 1570 ,Tantum
498 1500 643 1586 infelicem
657 1503 784 1562 nimium
799 1499 902 1560 dilexit
914 1505 1053 1563 amicum.
1073 1501 1174 1582 Hujus
1188 1515 1321 1561 senten·

257 1601 301 1658 tia
314 1617 349 1656 ex
362 1607 514 1675 conceptu
527 1593 622 1652 Servii
635 1590 701 1652 haec
714 1606 779 1650 est:
794 1592 819 1650 si
832 1611 921 1671 roges
933 1614 951 1652 a
965 1593 1053 1667 Niso,
1065 1613 1120 1670 cur
1132 1591 1322 1673 prosiluerit

258 1710 274 1748 e
286 1684 436 1758 tenebris,
449 1704 545 1764 quum
560 1679 639 1742 nihil
655 1680 802 1762 prodesse
813 1682 952 1761 potuerit
963 1682 1063 1740 amico
1077 1682 1240 1756 morienti,
1251 1703 1321 1742 res·

258 1775 424 1857 pondebit‚
445 1774 519 1854 quia
541 1773 675 1830 amicum
700 1771 819 1851 perdite
837 1782 867 1830 et
888 1772 997 1830 misere
1009 1771 1144 1830 amavit.
1166 1769 1226 1830 Sed
1244 1792 1317 1832 non

257 1866 364 1938 video,
379 1885 433 1922 cur
442 1883 504 1922 esse
515 1883 579 1921 non
590 1861 730 1942 potuerit
741 1857 951 1941 epiphonema
964 1884 971 1920 ι
985 1873 1112 1934 tantum,
1125 1859 1155 1918 id
1168 1873 1228 1935 cst,
1240 1872 1318 1920 tan—

256 1968 363 2034 topere
375 1953 509 2010 amicum
522 1953 671 2009 miserum
686 1950 832 2030 deperiit!
988 1964 990 1968 ·
1127 1971 1129 1976 ·

296 2040 365 2117 43ι.
383 2041 544 2101 Clemente
555 2042 611 2098 ista
623 2040 712 2112 Niso,
726 2037 791 2118 jam
804 2036 926 2118 gladius
935 2052 1035 2098 costas
1054 2051 1083 2098 et
1102 2051 1206 2119 pectus
1221 2060 1317 2122 rupe-

257 2142 319 2206 rat,
334 2142 364 2188 et
375 2128 502 2209 quidem
513 2125 697 2199 candidum,
714 2125 752 2184 ad
763 2126 1019 2204 conquestionem
1031 2149 1037 2184 :
1054 2125 1136 2189 cadit
1144 2125 1317 2206 Euryalus,

257 2220 359 2278 cervix
368 2217 547 2292 collabitur:
558 2215 723 2298 perfundit
731 2236 823 2276 cruor
832 2228 916 2275 artus
924 2213 1158 2296 pulcherrimos.
1167 2217 1316 2278 Excitant

258 2309 316 2368 ista
328 2305 479 2388 lacrymas
493 2318 566 2386 post
577 2316 625 2364 tot
638 2304 732 2362 etiam
748 2302 873 2364 saecula!

294 2395 364 2472 435.
379 2399 499 2458 Servius
507 2393 712 2477 hyacinthum
724 2395 808 2476 capit
818 2394 851 2464 in
862 2391 920 2452 hac
929 2394 1180 2474 comparatione3
1195 2410 1315 2455 namet

256 2505 429 2566 purpureus
450 2504 485 2542 ac
505 2481 651 2562 pulcher:
672 2503 707 2540 ae
725 2479 854 2554 deinde,
880 2482 951 2559 quia
973 2501 1051 2560 puer
1073 2480 1126 2539 ille
1149 2501 1254 2540 versus
1280 2483 1314 2540 in

257 2572 366 2634 florem
378 2583 437 2642 est,
450 2582 543 2646 atque
553 2568 630 2626 adeo
641 2568 796 2626 nonnulla
807 2566 845 2626 ad
859 2566 949 2626 illum
962 2567 1084 2626 allusio.
1098 2567 1180 2646 Ergo
1193 2569 1253 2642 ait,
1267 2570 1312 2627 ita

256 2653 432 2736 Euryalum·
439 2652 621 2734 collapsum,
636 2666 671 2713 ut
681 2655 759 2713 solet
768 2654 963 2734 languescere
972 2667 1001 2714 et
1013 2655 1093 2714 mori
1103 2653 1309 2735 hyacinthus,

258 2764 358 2826 quum
373 2756 474 2802 aratro
489 2741 670 2817 succiditur3
691 2757 727 2802 ut
741 2741 842 2802 solent
857 2764 1009 2824 papavera
1029 2757 1123 2824 caput
1145 2743 1311 2806 demittere

259 2846 406 2916 gravante
426 2830 547 2914 pluvia.¹
565 2834 659 2906 Nota,
681 2834 815 2913 primam
835 2835 1100 2914 comparationem
1120 2837 1311 2914 respondere

258 2925 375 2997 cruori,
391 2944 454 3003 quo
467 2921 608 3002 perfusus
621 2943 716 3002 puer:
737 2922 811 2980 inde
825 2923 898 3002 quia
911 2921 1049 3003 pulchros
1062 2937 1155 2997 ortus,
1166 2923 1229 3004 flos
1242 2947 1312 3005 pur·

256 3033 376 3095 pareus,
393 3025 421 3070 et
437 3011 511 3090 quia
525 3007 651 3069 volvitur
664 3007 754 3083 letho,
775 3007 1089 3090 lanquesoit‘moriens:
1107 3011 1234 3070 alteram
1251 3035 1312 3072 cer-

256 3101 317 3160 vici
328 3098 510 3170 'collabenti3
532 3095 617 3170 ideo,
635 3100 707 3176 quio
717 3099 813 3156 ceruix
825 3093 968 3177 collapsa,
989 3095 1062 3156 lasso
1076 3096 1151 3158 collo
1163 3120 1311 3178 papauera

258 3189 393 3246 demisere
404 3199 501 3268 caput.
1020 3207 1023 3212 ·

298 3269 366 3345 438.
382 3273 458 3347 Quis
473 3272 604 3353 explicet
620 3273 684 3332 Nisi
702 3273 816 3334 furias?
836 3277 895 3334 ruit
911 3278 942 3334 in
959 3274 1081 3348 medios,
1100 3285 1129 3333 et
1144 3296 1197 3356 per
1209 3297 1311 3336 omnes

260 3381 359 3420 unum
372 3358 522 3442 solumque
534 3365 565 3425 V
561 3359 714 3422 olscentem
726 3366 811 3444 petit5
824 3364 901 3422 alios
914 3363 995 3422 nihil
1011 3377 1163 3438 moratur,
1177 3365 1231 3423 sed
1244 3380 1311 3424 tan-

293 3553 354 3618 427.
371 3551 429 3614 Me,
447 3569 495 3601 me.
515 3550 646 3606 Subaudis
663 3552 760 3626 interfi-
806 3557 959 3626 quentium,
978 3557 1015 3607 ait
1027 3558 1137 3619 iterum,
1149 3557 1203 3604 Me.
1217 3557 1308 3608 Tertio

256 3631 317 3693 cite,
333 3641 360 3680 et
371 3640 410 3679 est
421 3630 572 3700 interrupta
584 3634 700 3685 elocutio
715 3633 760 3684 do·
805 3635 851 3686 ubi
870 3655 898 3688 se
915 3634 1045 3705 paulatim
1067 3634 1192 3704 colligere
1213 3639 1308 3707 coepit,

256 3709 314 3760 lore
322 3707 430 3759 turbati.
439 3711 535 3774 -Me,
544 3724 594 3776 me,
602 3714 693 3765 adsum
703 3715 757 3784 qui.
805 3701 939 3782 adjunxit}
951 3713 1070 3764 «Adsum
1079 3714 1124 3782 qui
1133 3715 1194 3764 leci.
1205 3738 1216 3760 »2
1225 3715 1309 3780 Quar-

255 3788 342 3839 Vooes
360 3799 422 3838 sunt
438 3789 601 3866 perturbati,
619 3795 665 3862 qui
683 3793 756 3861 quod
804 3807 846 3860 to,
871 3797 923 3845 «ln
943 3813 984 3846 me
1004 3795 1151 3844 convertite
1171 3797 1304 3846 ferrum.»

257 3868 345 3918 animo
362 3865 486 3931 tenebat,
504 3885 558 3918 non
570 3873 658 3938 potuit
673 3871 755 3924 semel
801 3873 878 3925 Certe
898 3873 1162 3943 magna'subtilitate
1187 3872 1304 3944 disposi-

254 3943 404 3996 effundere.
416 3945 662 4016 Altergo,Me:ut
673 3968 754 4020 quum
800 3965 857 4004 tum
868 3967 916 4005 est.
986 3989 990 3996 ·
1050 3981 1054 3990 ·

256 4023 356 4076 deesset
373 4026 538 4078 continuatio
556 4027 699 4080 verborum
717 4048 755 4082 se·
834 4034 895 4102 439.
915 4032 1075 4088 Volsceutem
1089 4033 1164 4102 petit.
1176 4033 1301 4104 Appetit:
