2720 4588
187 241 286 360 ‘lat
539 251 927 342 'normannum
953 305 955 312 ·

220 402 307 482 atqui
319 401 444 461 advenit
456 393 534 476 dies,
547 401 602 480 qui
614 387 778 480 redarguat
784 443 799 482 ,Q
805 398 985 480 refellatque
997 412 1083 460 tuam
1096 397 1266 484 istamjaea

221 491 351 548 tantiam
373 491 467 550 armis
489 487 712 548 muliebribus:
735 486 786 548 sed
805 487 938 568 gloriose
960 501 1066 550 tamen
1087 491 1269 566 occumbis3

167 611 170 616 -
222 595 295 634 narn
309 597 404 636 manu
417 575 587 636 Camillae„
843 654 845 657 Ι
994 583 997 588 ’
1180 653 1182 658 Ι
1198 621 1200 624 .
1266 572 1269 579 ’

182 729 184 738 ,
242 693 244 698 ·
261 667 329 745 690.
342 669 415 727 Haec
426 681 475 726 tot
486 667 635 726 mortium
649 665 828 725 discrimina
844 666 1002 747 pertinent
1014 666 1053 728 ad
1066 667 1191 729 laudem
1204 665 1267 728 Ca-

221 753 332 832 millae,
343 777 411 837 quae
422 759 455 816 in
466 757 554 816 omni
564 755 701 816 bellandi
713 775 823 837 genere
833 769 907 816 esset
917 757 1103 837 peritissima
1114 781 1121 819 :
1134 758 1169 818 fit
1180 778 1269 816 men-

221 842 266 900 tio
286 843 449 922 peculiaris
465 841 619 904 Orsilochi
637 857 666 902 et
685 845 784 916 Butae,
802 844 856 922 qui
873 845 1010 904 maximo
1026 860 1115 906 eraut
1135 865 1268 928 corpore

224 933 305 990 iuter
313 933 337 990 T
339 953 445 993 eucros
456 957 462 994 :
474 931 621 994 describit
631 931 777 1014 graphice
786 932 900 992 vulnus
910 933 1013 994 Butae:
1029 950 1074 996 est
1084 935 1136 996 ille
1146 955 1271 1016 percus·

223 1041 273 1080 sus
287 1023 321 1080 in
333 1021 606 1107 laevacolli'parte,
618 1021 759 1082 Camillae
769 1019 895 1102 cuspide
904 1024 1083 1085 inveniente
1092 1026 1176 1084 viam
1186 1025 1273 1083 inter

189 1142 192 1154 ·
222 1110 352 1170 loricam
364 1126 393 1172 et
402 1113 539 1194 galeam:
557 1115 629 1196 quia
641 1110 784 1172 videlicet
794 1131 903 1192 parma
912 1112 1068 1192 pendebat
1076 1114 1109 1173 id
1119 1103 1273 1195 temporis

223 1196 364 1260 elacerto
378 1199 472 1276 laevo,
488 1222 589 1282 neque
601 1199 721 1259 sublata
736 1198 775 1257 ad
791 1196 940 1258 tuendam
951 1213 1072 1281 partem
1085 1199 1191 1261 illam:
1212 1201 1276 1259 ita·

177 1281 182 1290 ’
225 1305 286 1367 que
306 1309 343 1348 eo
357 1304 480 1368 puncto
489 1291 635 1372 temporis
650 1291 773 1350 lucente
789 1300 819 1348 et
836 1302 1005 1370 apparente
1020 1310 1114 1350 carne
1127 1311 1192 1350 non
1209 1290 1276 1350 luit

225 1374 477 1438 Camilla'otiosa.
489 1382 542 1438 Est
553 1377 674 1438 sedentis
678 1376 872 1456 ,equitantis
884 1398 891 1432 ι
904 1375 977 1436 inde
987 1397 1077 1436 sessor
1086 1377 1124 1436 de
1136 1381 1251 1458 equite.

264 1463 335 1542 694.
355 1465 401 1530 Ad
420 1469 554 1548 exitium,
566 1463 721 1526 Orsiloehi
735 1485 792 1544 usa
807 1477 852 1524 est
868 1463 960 1524 dolo:
981 1464 1062 1546 lugit
1078 1464 1183 1538 illum,
1203 1485 1277 1526 non

227 1551 353 1630 spridern
370 1567 451 1614 recto
469 1576 574 1630 cursu,
594 1551 742 1635 namhoc
755 1543 896 1614 tirn'entis
911 1565 1001 1628 esset,
1023 1553 1073 1614 sed
1093 1571 1170 1636 gyro
1188 1555 1276 1612 inte·

226 1639 323 1712 riore,
336 1638 368 1698 id
381 1644 441 1715 est,
456 1642 596 1717 sinistro,
610 1654 762 1723 tauquam
771 1641 881 1702 ludens
893 1654 923 1700 et
932 1641 1070 1702 eludens.
1082 1641 1137 1700 llle
1148 1643 1277 1700 incaute

228 1729 392 1789 Camillam
405 1733 603 1812 sequebatur,
620 1755 654 1792 ac
669 1730 804 1815 proinde
817 1744 847 1791 et
859 1729 950 1792 illum
965 1733 1111 1808 Camilla,
1123 1729 1208 1812 quod
1222 1750 1280 1788 ne·

229 1835 308 1874 cesse
326 1817 359 1874 in
379 1816 509 1896 gyrante
524 1821 661 1881 circulo:
681 1841 716 1880 ac
732 1819 860 1880 tandem
876 1831 1000 1900 arrepto
1014 1831 1168 1902 tempore,
1187 1819 1279 1896 καιρὸν

229 1903 381 1984 intellige,
402 1908 434 1964 in
452 1908 548 1977 ictum
565 1911 740 1990 insurgens,
760 1910 891 1968 securim
905 1908 998 1968 semel
1010 1921 1042 1968 et
1055 1909 1167 1968 iterum
1179 1907 1282 1986 impe·

229 1990 289 2068 git,
304 2011 366 2072 qua
381 2015 480 2071 arma,
495 2009 525 2054 et
537 2017 604 2056 ossa
618 1997 807 2080 penetravit,
827 1989 982 2078 caputque
996 1993 1187 2077 precabuudi
1202 2012 1279 2073 spe-

229 2080 307 2155 ruit,
319 2095 348 2141 et
361 2082 470 2164 sparsit
480 2087 652 2146 cerebrum.
663 2085 808 2166 intelligo
819 2085 1016 2167 precesfusas
1027 2099 1096 2167 post
1106 2085 1202 2144 ictum
1212 2081 1280 2164 pri-

229 2189 332 2246 mum3
345 2174 458 2252 quibus
474 2177 675 2258 contemptis,
689 2177 802 2236 iterum
815 2175 870 2235 illa
882 2177 1097 2256 ingeminavit.

269 2261 337 2340 699»
356 2263 391 2322 ln
408 2265 609 2326 exsultantem
632 2277 702 2347 post
722 2265 837 2324 caedem
858 2263 941 2325 hanc
961 2263 1126 2326 Camillam
1144 2261 1279 2321 fortasse

230 2349 338 2430 Aurius
348 2353 472 2430 incidit,
483 2358 563 2416 Auni
574 2351 807 2438 Apenninicolae
817 2354 911 2430 filius,
922 2355 1051 2415 natione
1058 2355 1164 2436 Ligur,
1174 2369 1280 2430 neque

234 2436 267 2496 in
277 2439 411 2516 rebelli,
421 2445 446 2502 si
461 2465 507 2504 res
522 2442 643 2524 agenda
655 2455 731 2504 esset
742 2441 867 2517 fraude,
877 2439 1062 2526 postremus.

274 2548 341 2606 702.
361 2529 499 2592 Instabat
510 2535 557 2594 'ita
571 2535 662 2593 Auno
681 2529 826 2610 Camilla,
847 2547 881 2592 ut
900 2532 967 2607 ille,
987 2551 1085 2612 quum
1096 2525 1226 2601 videret,
1246 2545 1281 2584 se

232 2635 297 2674 non
309 2635 401 2696 posse
412 2643 505 2682 cursu
517 2621 657 2695 evadere,
677 2620 751 2680 dare
765 2622 933 2682 consilium
948 2620 1079 2702 ceperit:
1098 2619 1202 2698 itaque
1217 2617 1279 2674 Re-

232 2703 312 2778 ginae
327 2703 535 2785 objecit,·non
547 2725 611 2770 tarn
624 2711 739 2768 virtute
750 2710 892 2790 propria,
912 2729 1006 2789 quam
1018 2707 1104 2786 equi,
1123 2703 1198 2763 belli
1211 2703 1281 2782 glo-

231 2789 311 2850 rium
324 2812 534 2878 comparatam
548 2823 554 2858 :
569 2798 689 2860 viderat
699 2799 818 2880 quippe
830 2799 935 2857 Aunus
947 2792 1144 2856 Orsilochum
1157 2791 1279 2850 victum

178 2953 182 2959 ¹
227 2896 250 2968 ,a
266 2877 411 2958 Camilla,
429 2887 573 2947 simulata
588 2887 679 2968 fuga,
697 2885 770 2945 inde
787 2897 907 2958 monet,
927 2897 962 2942 ut
975 2901 1091 2964 equum
1105 2877 1280 2957 relinquat,

234 2976 263 3020 et
277 2979 394 3047 pugnet
408 2971 553 3052 pedibus,
572 2989 607 3034 ut
619 2987 723 3054 pateat
736 2971 824 3052 cujus
837 2973 877 3032 sit
890 2969 998 3052 gloria.
1019 2965 1097 3029 Vide
1108 2965 1207 3025 vaiias
1219 2963 1280 3021 lec·

235 3053 350 3132 tiones,
371 3061 432 3120 vol.
449 3065 501 3137 IV,
522 3085 592 3143 pag.
611 3063 682 3137 266,
701 3061 757 3121 ubi
770 3062 893 3120 Servius
907 3080 966 3142 pro
982 3053 1224 3140 laudcsntudem,
1243 3049 1277 3110 'nt

237 3155 297 3216 ast,
308 3165 438 3224 poenam
453 3152 600 3231 agnoscit.
905 3169 907 3174 ’

276 3241 343 3312 709
358 3239 438 3296 Arsit
450 3239 580 3299 Camilla
593 3239 698 3300 furore
713 3243 846 3316 irarum,
866 3241 938 3321 quia
951 3236 1071 3296 viderat
1082 3229 1204 3294 detrahi
1216 3229 1277 3290 sibi

271 3429 600 3498 687.Muliebril›usannis.
609 3439 678 3490 Usus
687 3437 734 3489 ob·
778 3438 948 3488 manifestum
964 3433 1006 3484 sit.
1025 3431 1090 3481 Item
1105 3429 1134 3479 in
1145 3424 1280 3478 Bucolicis

235 3504 315 3559 'tinuit
327 3523 356 3560 ut
370 3513 510 3584 innuptas,
527 3518 649 3590 virginem
665 3535 733 3588 nup·
777 3506 1279 3586 legimus,utlh,tirgoinfelix»,quum

237 3599 290 3652 ¹³⁸2
303 3590 421 3644 mulieres
432 3613 572 3648 vocemus:
590 3616 652 3650 nam
663 3596 736 3668 apud
779 3593 927 3664 Pasiphaen
938 3600 1044 3641 constat
1055 3605 1087 3640 ex
1097 3587 1202 3649 Minoe,
1216 3594 1278 3636 ante

237 3669 351 3734 tortiores
363 3670 505 3726 indiscrete
515 3675 586 3748 virgo
596 3675 736 3728 dicebatur
780 3690 897 3723 amorem
902 3670 981 3734 tauri,
988 3667 1056 3718 lilios
1064 3665 1220 3742 suscepisse.
1229 3662 1279 3713 Te·

237 3758 264 3797 et
280 3746 389 3797 mulier:
406 3762 547 3824 utrumque
562 3757 633 3806 enim
645 3771 735 3808 sexum
780 3751 914 3802 rentiusin
924 3750 1041 3819 Hecyra,
1051 3745 1131 3798 etiam
1141 3741 1280 3793 mulierem

238 3837 341 3876 tantum
358 3828 538 3898 significabat;
557 3845 587 3885 ut
606 3853 667 3886 ecce
683 3833 735 3885 hoc
779 3844 841 3903 post
848 3843 964 3902 partum,
973 3828 1281 3901 virgittemvocat,unartr

237 3904 297 3956 loco
320 3903 385 3956 dicit
406 3932 417 3956 a
429 3913 507 3964 armis
515 3901 697 3966 ¹muliebribus
708 3938 735 3981 s,
779 3913 873 3962 vitium
883 3923 923 3963 est
934 3909 1054 3962 oblatum
1064 3905 1159 3976 virgini
1169 3903 1232 3956 olim
1245 3903 1283 3956 ab

239 3993 320 4052 ‘istum
336 3985 474 4042 Camillam
496 3981 635 4064 innuptam
655 3995 736 4046 luisse
771 3992 870 4045 ‘nascio
884 4009 937 4064 quo
950 3989 1109 4065 improbo.»
1119 3987 1191 4041 sens
