<?xml version="1.0" encoding="UTF-8"?>
<!DOCTYPE html PUBLIC "-//W3C//DTD XHTML 1.0 Transitional//EN"
    "http://www.w3.org/TR/xhtml1/DTD/xhtml1-transitional.dtd">
<html xmlns="http://www.w3.org/1999/xhtml" xml:lang="en" lang="en">
 <head>
  <title>
</title>
<meta http-equiv="Content-Type" content="text/html;charset=utf-8" />
  <meta name='ocr-system' content='tesseract 3.04.00' />
  <meta name='ocr-capabilities' content='ocr_page ocr_carea ocr_par ocr_line ocrx_word'/>
</head>
<body>
  <div class='ocr_page' id='page_1' title='image "./pvirgiliusmaroq06barbgoog_0155.png"; bbox 0 0 2704 4582; ppageno 0'>
   <div class='ocr_carea' id='block_1_1' title="bbox 283 293 1056 386">
    <p class='ocr_par' dir='ltr' id='par_1_1' title="bbox 283 293 1056 386">
     <span class='ocr_line' id='line_1_1' title="bbox 283 293 1056 386; baseline 0.016 -30"><span class='ocrx_word' id='word_1_1' title='bbox 283 294 338 357; x_wconf 85' lang='lat' dir='ltr'><strong>in</strong></span> <span class='ocrx_word' id='word_1_2' title='bbox 359 293 594 358; x_wconf 59' lang='lat' dir='ltr'><strong>lanuinus</strong></span> <span class='ocrx_word' id='word_1_3' title='bbox 618 293 711 356; x_wconf 81' lang='lat' dir='ltr'><strong>ma</strong></span> <span class='ocrx_word' id='word_1_4' title='bbox 736 296 799 358; x_wconf 84' lang='lat' dir='ltr'><strong>xi.</strong></span> <span class='ocrx_word' id='word_1_5' title='bbox 1001 309 1056 386; x_wconf 55' lang='grc' dir='ltr'><strong>,μ</strong></span> 
     </span>
    </p>
   </div>
   <div class='ocr_carea' id='block_1_2' title="bbox 50 412 1140 2282">
    <p class='ocr_par' dir='ltr' id='par_1_2' title="bbox 50 412 1140 1120">
     <span class='ocr_line' id='line_1_2' title="bbox 52 412 1062 502; baseline 0.016 -28"><span class='ocrx_word' id='word_1_6' title='bbox 52 412 142 490; x_wconf 77' lang='lat' dir='ltr'><strong>forma,</strong></span> <span class='ocrx_word' id='word_1_7' title='bbox 155 416 225 496; x_wconf 89' lang='lat' dir='ltr'><strong>quia</strong></span> <span class='ocrx_word' id='word_1_8' title='bbox 236 415 381 476; x_wconf 84' lang='lat' dir='ltr'><strong>videlieet</strong></span> <span class='ocrx_word' id='word_1_9' title='bbox 394 415 550 476; x_wconf 87' lang='lat' dir='ltr'><strong>demessus</strong></span> <span class='ocrx_word' id='word_1_10' title='bbox 563 437 628 476; x_wconf 92' lang='lat' dir='ltr'><strong>non</strong></span> <span class='ocrx_word' id='word_1_11' title='bbox 643 437 738 476; x_wconf 88' lang='lat' dir='ltr'><strong>manu</strong></span> <span class='ocrx_word' id='word_1_12' title='bbox 750 418 871 493; x_wconf 78' lang='lat' dir='ltr'><strong>rustici,</strong></span> <span class='ocrx_word' id='word_1_13' title='bbox 893 423 946 502; x_wconf 85' lang='lat' dir='ltr'><strong>qui</strong></span> <span class='ocrx_word' id='word_1_14' title='bbox 959 417 1062 489; x_wconf 79' lang='lat' dir='ltr'><strong>statim</strong></span> 
     </span>
     <span class='ocr_line' id='line_1_3' title="bbox 51 502 1062 588; baseline 0.014 -26"><span class='ocrx_word' id='word_1_15' title='bbox 51 503 126 584; x_wconf 80' lang='lat' dir='ltr'><strong>perdit</strong></span> <span class='ocrx_word' id='word_1_16' title='bbox 139 504 261 581; x_wconf 83' lang='lat' dir='ltr'><strong>dorem,</strong></span> <span class='ocrx_word' id='word_1_17' title='bbox 277 504 330 565; x_wconf 89' lang='lat' dir='ltr'><strong>sed</strong></span> <span class='ocrx_word' id='word_1_18' title='bbox 344 518 465 565; x_wconf 87' lang='lat' dir='ltr'><strong>tantum</strong></span> <span class='ocrx_word' id='word_1_19' title='bbox 476 502 583 587; x_wconf 76' lang='lat' dir='ltr'><em>pollice</em></span> <span class='ocrx_word' id='word_1_20' title='bbox 594 507 730 586; x_wconf 61' lang='lat' dir='ltr'><strong>vinjinim</strong></span> <span class='ocrx_word' id='word_1_21' title='bbox 743 505 835 566; x_wconf 86' lang='lat' dir='ltr'><strong>talem</strong></span> <span class='ocrx_word' id='word_1_22' title='bbox 850 521 924 588; x_wconf 90' lang='lat' dir='ltr'><strong>puta</strong></span> <span class='ocrx_word' id='word_1_23' title='bbox 939 513 1062 577; x_wconf 88' lang='lat' dir='ltr'><strong>Pallan-</strong></span> 
     </span>
     <span class='ocr_line' id='line_1_4' title="bbox 51 594 1140 675; baseline 0.017 -26"><span class='ocrx_word' id='word_1_24' title='bbox 51 605 109 650; x_wconf 74' lang='lat' dir='ltr'><strong>ten:</strong></span> <span class='ocrx_word' id='word_1_25' title='bbox 120 594 208 670; x_wconf 89' lang='lat' dir='ltr'><strong>mira,</strong></span> <span class='ocrx_word' id='word_1_26' title='bbox 221 595 371 674; x_wconf 86' lang='lat' dir='ltr'><strong>inquam,</strong></span> <span class='ocrx_word' id='word_1_27' title='bbox 384 594 594 675; x_wconf 84' lang='lat' dir='ltr'><strong>comparatio:</strong></span> <span class='ocrx_word' id='word_1_28' title='bbox 609 594 701 673; x_wconf 84' lang='lat' dir='ltr'><strong>quia,</strong></span> <span class='ocrx_word' id='word_1_29' title='bbox 715 605 751 652; x_wconf 91' lang='lat' dir='ltr'><strong>ut</strong></span> <span class='ocrx_word' id='word_1_30' title='bbox 762 594 852 655; x_wconf 87' lang='lat' dir='ltr'><strong>flores</strong></span> <span class='ocrx_word' id='word_1_31' title='bbox 862 598 942 658; x_wconf 89' lang='lat' dir='ltr'><strong>inter</strong></span> <span class='ocrx_word' id='word_1_32' title='bbox 953 599 1064 667; x_wconf 87' lang='lat' dir='ltr'><strong>herhas</strong></span> <span class='ocrx_word' id='word_1_33' title='bbox 1137 615 1140 622; x_wconf 78' lang='grc'>’</span> 
     </span>
     <span class='ocr_line' id='line_1_5' title="bbox 50 681 1064 776; baseline 0.018 -38"><span class='ocrx_word' id='word_1_34' title='bbox 50 683 153 758; x_wconf 85' lang='lat' dir='ltr'>micant,</span> <span class='ocrx_word' id='word_1_35' title='bbox 166 684 207 744; x_wconf 86' lang='lat' dir='ltr'><strong>ita</strong></span> <span class='ocrx_word' id='word_1_36' title='bbox 219 684 326 744; x_wconf 87' lang='lat' dir='ltr'><strong>Pallas</strong></span> <span class='ocrx_word' id='word_1_37' title='bbox 339 685 420 743; x_wconf 89' lang='lat' dir='ltr'><strong>inter</strong></span> <span class='ocrx_word' id='word_1_38' title='bbox 433 683 615 764; x_wconf 72' lang='lat' dir='ltr'><strong>congeriem</strong></span> <span class='ocrx_word' id='word_1_39' title='bbox 629 681 715 742; x_wconf 89' lang='lat' dir='ltr'><strong>illam</strong></span> <span class='ocrx_word' id='word_1_40' title='bbox 727 683 924 747; x_wconf 79' lang='lat' dir='ltr'><strong>frondidarn:</strong></span> <span class='ocrx_word' id='word_1_41' title='bbox 941 712 1064 776; x_wconf 86' lang='lat' dir='ltr'><strong>compa-</strong></span> 
     </span>
     <span class='ocr_line' id='line_1_6' title="bbox 50 771 1064 856; baseline 0.02 -29"><span class='ocrx_word' id='word_1_42' title='bbox 50 785 113 829; x_wconf 88' lang='lat' dir='ltr'><strong>ratur</strong></span> <span class='ocrx_word' id='word_1_43' title='bbox 125 793 190 832; x_wconf 87' lang='lat' dir='ltr'><strong>vero</strong></span> <span class='ocrx_word' id='word_1_44' title='bbox 202 794 275 832; x_wconf 92' lang='lat' dir='ltr'><strong>cum</strong></span> <span class='ocrx_word' id='word_1_45' title='bbox 292 771 481 855; x_wconf 87' lang='lat' dir='ltr'><strong>hyacintho,</strong></span> <span class='ocrx_word' id='word_1_46' title='bbox 496 774 569 854; x_wconf 86' lang='lat' dir='ltr'><strong>quia</strong></span> <span class='ocrx_word' id='word_1_47' title='bbox 584 771 777 854; x_wconf 78' lang='lat' dir='ltr'><strong>Hyacinthus</strong></span> <span class='ocrx_word' id='word_1_48' title='bbox 790 797 868 856; x_wconf 88' lang='lat' dir='ltr'><strong>puer</strong></span> <span class='ocrx_word' id='word_1_49' title='bbox 881 778 959 840; x_wconf 83' lang='lat' dir='ltr'><strong>fuit:</strong></span> <span class='ocrx_word' id='word_1_50' title='bbox 974 783 1064 847; x_wconf 90' lang='lat' dir='ltr'><strong>ethic</strong></span> 
     </span>
     <span class='ocr_line' id='line_1_7' title="bbox 52 856 1064 952; baseline 0.02 -36"><span class='ocrx_word' id='word_1_51' title='bbox 52 856 173 941; x_wconf 75' lang='lat' dir='ltr'><strong>hispasus,</strong></span> <span class='ocrx_word' id='word_1_52' title='bbox 185 865 259 944; x_wconf 84' lang='lat' dir='ltr'><strong>quia</strong></span> <span class='ocrx_word' id='word_1_53' title='bbox 269 861 402 946; x_wconf 84' lang='lat' dir='ltr'><strong>nonjom</strong></span> <span class='ocrx_word' id='word_1_54' title='bbox 411 861 466 924; x_wconf 85' lang='lat' dir='ltr'><strong>alit</strong></span> <span class='ocrx_word' id='word_1_55' title='bbox 475 861 573 937; x_wconf 83' lang='lat' dir='ltr'><strong>tellus,</strong></span> <span class='ocrx_word' id='word_1_56' title='bbox 585 873 655 937; x_wconf 90' lang='lat' dir='ltr'><strong>etc.,</strong></span> <span class='ocrx_word' id='word_1_57' title='bbox 667 883 729 942; x_wconf 92' lang='lat' dir='ltr'><strong>quo</strong></span> <span class='ocrx_word' id='word_1_58' title='bbox 740 865 878 944; x_wconf 77' lang='lat' dir='ltr'><strong>signatur</strong></span> <span class='ocrx_word' id='word_1_59' title='bbox 887 869 1064 952; x_wconf 83' lang='lat' dir='ltr'><strong>mollitudo,</strong></span> 
     </span>
     <span class='ocr_line' id='line_1_8' title="bbox 51 948 1064 1038; baseline 0.02 -35"><span class='ocrx_word' id='word_1_60' title='bbox 51 959 70 1004; x_wconf 88' lang='lat' dir='ltr'><strong>et</strong></span> <span class='ocrx_word' id='word_1_61' title='bbox 77 951 230 1010; x_wconf 85' lang='lat' dir='ltr'><strong>teneritudo</strong></span> <span class='ocrx_word' id='word_1_62' title='bbox 240 950 393 1033; x_wconf 88' lang='lat' dir='ltr'><strong>pulchelli</strong></span> <span class='ocrx_word' id='word_1_63' title='bbox 403 952 551 1034; x_wconf 87' lang='lat' dir='ltr'><strong>corporis.</strong></span> <span class='ocrx_word' id='word_1_64' title='bbox 563 951 608 1008; x_wconf 82' lang='lat' dir='ltr'><strong>Ex</strong></span> <span class='ocrx_word' id='word_1_65' title='bbox 617 948 667 1009; x_wconf 87' lang='lat' dir='ltr'><strong>his</strong></span> <span class='ocrx_word' id='word_1_66' title='bbox 681 951 826 1014; x_wconf 83' lang='lat' dir='ltr'><strong>omnibus</strong></span> <span class='ocrx_word' id='word_1_67' title='bbox 838 961 972 1038; x_wconf 76' lang='lat' dir='ltr'><strong>exsurgit</strong></span> <span class='ocrx_word' id='word_1_68' title='bbox 983 964 1064 1023; x_wconf 88' lang='lat' dir='ltr'><strong>mira</strong></span> 
     </span>
     <span class='ocr_line' id='line_1_9' title="bbox 52 1041 431 1120; baseline 0.018 -26"><span class='ocrx_word' id='word_1_69' title='bbox 52 1048 71 1094; x_wconf 88' lang='lat' dir='ltr'><strong>et</strong></span> <span class='ocrx_word' id='word_1_70' title='bbox 82 1041 178 1120; x_wconf 81' lang='lat' dir='ltr'><strong>tragica</strong></span> <span class='ocrx_word' id='word_1_71' title='bbox 190 1043 431 1102; x_wconf 84' lang='lat' dir='ltr'><strong>commiseratio.</strong></span> 
     </span>
    </p>

    <p class='ocr_par' dir='ltr' id='par_1_3' title="bbox 52 1129 1069 2019">
     <span class='ocr_line' id='line_1_10' title="bbox 78 1129 1065 1213; baseline 0.017 -29"><span class='ocrx_word' id='word_1_72' title='bbox 78 1148 114 1206; x_wconf 85' lang='lat'><strong>72.</strong></span> <span class='ocrx_word' id='word_1_73' title='bbox 133 1131 186 1188; x_wconf 88' lang='lat' dir='ltr'><strong>Hic</strong></span> <span class='ocrx_word' id='word_1_74' title='bbox 199 1129 266 1210; x_wconf 82' lang='lat' dir='ltr'><strong>jam</strong></span> <span class='ocrx_word' id='word_1_75' title='bbox 287 1145 444 1213; x_wconf 86' lang='lat' dir='ltr'><strong>spectatur</strong></span> <span class='ocrx_word' id='word_1_76' title='bbox 456 1152 521 1190; x_wconf 94' lang='lat' dir='ltr'><strong>non</strong></span> <span class='ocrx_word' id='word_1_77' title='bbox 536 1131 638 1191; x_wconf 91' lang='lat' dir='ltr'><strong>solum</strong></span> <span class='ocrx_word' id='word_1_78' title='bbox 653 1133 755 1191; x_wconf 83' lang='lat' dir='ltr'><strong>AEueae</strong></span> <span class='ocrx_word' id='word_1_79' title='bbox 766 1134 880 1213; x_wconf 91' lang='lat' dir='ltr'><strong>pietas,</strong></span> <span class='ocrx_word' id='word_1_80' title='bbox 901 1137 953 1196; x_wconf 90' lang='lat' dir='ltr'><strong>sed</strong></span> <span class='ocrx_word' id='word_1_81' title='bbox 972 1141 1065 1202; x_wconf 88' lang='lat' dir='ltr'><strong>etiam</strong></span> 
     </span>
     <span class='ocr_line' id='line_1_11' title="bbox 52 1216 1066 1303; baseline 0.019 -31"><span class='ocrx_word' id='word_1_82' title='bbox 52 1216 266 1298; x_wconf 82' lang='lat' dir='ltr'><strong>magnificentia,</strong></span> <span class='ocrx_word' id='word_1_83' title='bbox 295 1241 394 1303; x_wconf 89' lang='lat' dir='ltr'><strong>quum</strong></span> <span class='ocrx_word' id='word_1_84' title='bbox 414 1221 648 1302; x_wconf 87' lang='lat' dir='ltr'><strong>pretiosissimas</strong></span> <span class='ocrx_word' id='word_1_85' title='bbox 669 1231 762 1280; x_wconf 87' lang='lat' dir='ltr'><strong>vestes</strong></span> <span class='ocrx_word' id='word_1_86' title='bbox 784 1219 927 1284; x_wconf 84' lang='lat' dir='ltr'><strong>absumat</strong></span> <span class='ocrx_word' id='word_1_87' title='bbox 945 1228 982 1286; x_wconf 87' lang='lat' dir='ltr'><strong>iu</strong></span> <span class='ocrx_word' id='word_1_88' title='bbox 998 1231 1066 1291; x_wconf 89' lang='lat' dir='ltr'><strong>Pal-</strong></span> 
     </span>
     <span class='ocr_line' id='line_1_12' title="bbox 52 1304 1065 1392; baseline 0.019 -31"><span class='ocrx_word' id='word_1_89' title='bbox 52 1304 113 1366; x_wconf 88' lang='lat' dir='ltr'><strong>lante</strong></span> <span class='ocrx_word' id='word_1_90' title='bbox 123 1307 315 1372; x_wconf 85' lang='lat' dir='ltr'><strong>honestando</strong></span> <span class='ocrx_word' id='word_1_91' title='bbox 327 1335 333 1370; x_wconf 92' lang='lat'>:</span> <span class='ocrx_word' id='word_1_92' title='bbox 347 1325 391 1372; x_wconf 87' lang='lat' dir='ltr'><strong>est</strong></span> <span class='ocrx_word' id='word_1_93' title='bbox 403 1313 487 1371; x_wconf 88' lang='lat' dir='ltr'><strong>enim</strong></span> <span class='ocrx_word' id='word_1_94' title='bbox 500 1310 662 1392; x_wconf 82' lang='lat' dir='ltr'><strong>multiplex</strong></span> <span class='ocrx_word' id='word_1_95' title='bbox 673 1312 805 1370; x_wconf 81' lang='lat' dir='ltr'><strong>restium</strong></span> <span class='ocrx_word' id='word_1_96' title='bbox 818 1316 1046 1379; x_wconf 82' lang='lat' dir='ltr'><strong>commendatio</strong></span> <span class='ocrx_word' id='word_1_97' title='bbox 1058 1345 1065 1380; x_wconf 77' lang='grc' dir='ltr'><strong>ε</strong></span> 
     </span>
     <span class='ocr_line' id='line_1_13' title="bbox 53 1398 1068 1484; baseline 0.019 -31"><span class='ocrx_word' id='word_1_98' title='bbox 53 1401 192 1474; x_wconf 76' lang='lat' dir='ltr'><strong>anateria3</strong></span> <span class='ocrx_word' id='word_1_99' title='bbox 203 1421 280 1461; x_wconf 88' lang='lat' dir='ltr'><strong>nam</strong></span> <span class='ocrx_word' id='word_1_100' title='bbox 293 1423 472 1483; x_wconf 84' lang='lat' dir='ltr'><strong>purpureae,</strong></span> <span class='ocrx_word' id='word_1_101' title='bbox 486 1401 524 1460; x_wconf 87' lang='lat' dir='ltr'><strong>ab</strong></span> <span class='ocrx_word' id='word_1_102' title='bbox 533 1414 650 1461; x_wconf 86' lang='lat' dir='ltr'><strong>ornatu</strong></span> <span class='ocrx_word' id='word_1_103' title='bbox 661 1398 756 1482; x_wconf 89' lang='lat' dir='ltr'><strong>hujus</strong></span> <span class='ocrx_word' id='word_1_104' title='bbox 766 1423 912 1484; x_wconf 88' lang='lat' dir='ltr'><strong>purpurae</strong></span> <span class='ocrx_word' id='word_1_105' title='bbox 924 1429 930 1465; x_wconf 88' lang='lat'>:</span> <span class='ocrx_word' id='word_1_106' title='bbox 947 1429 1020 1468; x_wconf 89' lang='lat' dir='ltr'><strong>nam</strong></span> <span class='ocrx_word' id='word_1_107' title='bbox 1032 1434 1068 1472; x_wconf 89' lang='lat' dir='ltr'><strong>ea</strong></span> 
     </span>
     <span class='ocr_line' id='line_1_14' title="bbox 54 1487 1067 1573; baseline 0.019 -32"><span class='ocrx_word' id='word_1_108' title='bbox 54 1502 107 1544; x_wconf 85' lang='lat' dir='ltr'><strong>auro</strong></span> <span class='ocrx_word' id='word_1_109' title='bbox 118 1490 243 1570; x_wconf 75' lang='lat' dir='ltr'><strong>rigebat,</strong></span> <span class='ocrx_word' id='word_1_110' title='bbox 262 1505 293 1550; x_wconf 89' lang='lat' dir='ltr'><strong>et</strong></span> <span class='ocrx_word' id='word_1_111' title='bbox 310 1502 416 1572; x_wconf 87' lang='lat' dir='ltr'><strong>postea</strong></span> <span class='ocrx_word' id='word_1_112' title='bbox 432 1491 600 1573; x_wconf 79' lang='lat' dir='ltr'><strong>signatius,</strong></span> <span class='ocrx_word' id='word_1_113' title='bbox 619 1491 697 1550; x_wconf 86' lang='lat' dir='ltr'><strong>tenui</strong></span> <span class='ocrx_word' id='word_1_114' title='bbox 714 1487 783 1549; x_wconf 85' lang='lat' dir='ltr'><strong>telas</strong></span> <span class='ocrx_word' id='word_1_115' title='bbox 797 1490 966 1555; x_wconf 78' lang='lat' dir='ltr'><strong>discreverat</strong></span> <span class='ocrx_word' id='word_1_116' title='bbox 976 1518 1067 1560; x_wconf 85' lang='lat' dir='ltr'><strong>auro:</strong></span> 
     </span>
     <span class='ocr_line' id='line_1_15' title="bbox 54 1574 1069 1662; baseline 0.019 -31"><span class='ocrx_word' id='word_1_117' title='bbox 54 1574 227 1653; x_wconf 82' lang='lat' dir='ltr'><strong>abarte3nam</strong></span> <span class='ocrx_word' id='word_1_118' title='bbox 234 1583 316 1642; x_wconf 87' lang='lat' dir='ltr'><strong>telas</strong></span> <span class='ocrx_word' id='word_1_119' title='bbox 324 1583 560 1662; x_wconf 85' lang='lat' dir='ltr'><strong>nominat,quae</strong></span> <span class='ocrx_word' id='word_1_120' title='bbox 568 1580 1069 1661; x_wconf 77' lang='lat' dir='ltr'><strong>aurodiscretaezabaitifice3nam</strong></span> 
     </span>
     <span class='ocr_line' id='line_1_16' title="bbox 53 1657 1067 1755; baseline 0.014 -32"><span class='ocrx_word' id='word_1_121' title='bbox 53 1657 90 1720; x_wconf 83' lang='lat' dir='ltr'><strong>has</strong></span> <span class='ocrx_word' id='word_1_122' title='bbox 100 1665 186 1743; x_wconf 89' lang='lat' dir='ltr'><strong>Dido,</strong></span> <span class='ocrx_word' id='word_1_123' title='bbox 200 1683 230 1729; x_wconf 90' lang='lat' dir='ltr'><strong>et</strong></span> <span class='ocrx_word' id='word_1_124' title='bbox 240 1673 300 1731; x_wconf 82' lang='lat' dir='ltr'><strong>suis</strong></span> <span class='ocrx_word' id='word_1_125' title='bbox 314 1669 463 1744; x_wconf 81' lang='lat' dir='ltr'><strong>manibus,</strong></span> <span class='ocrx_word' id='word_1_126' title='bbox 479 1670 560 1728; x_wconf 88' lang='lat' dir='ltr'><strong>utin</strong></span> <span class='ocrx_word' id='word_1_127' title='bbox 572 1683 648 1728; x_wconf 90' lang='lat' dir='ltr'><strong>nota</strong></span> <span class='ocrx_word' id='word_1_128' title='bbox 661 1670 789 1742; x_wconf 83' lang='lat' dir='ltr'><strong>amoris3</strong></span> <span class='ocrx_word' id='word_1_129' title='bbox 802 1684 833 1729; x_wconf 91' lang='lat' dir='ltr'><strong>et</strong></span> <span class='ocrx_word' id='word_1_130' title='bbox 845 1668 908 1732; x_wconf 81' lang='lat' dir='ltr'><strong>loeta</strong></span> <span class='ocrx_word' id='word_1_131' title='bbox 921 1670 1067 1755; x_wconf 83' lang='lat' dir='ltr'><strong>laborum,</strong></span> 
     </span>
     <span class='ocr_line' id='line_1_17' title="bbox 54 1750 1066 1842; baseline 0.02 -36"><span class='ocrx_word' id='word_1_132' title='bbox 54 1750 106 1827; x_wconf 88' lang='lat' dir='ltr'><strong>quia</strong></span> <span class='ocrx_word' id='word_1_133' title='bbox 117 1753 145 1812; x_wconf 90' lang='lat' dir='ltr'><strong>iu</strong></span> <span class='ocrx_word' id='word_1_134' title='bbox 160 1759 290 1835; x_wconf 78' lang='lat' dir='ltr'><strong>gratiam</strong></span> <span class='ocrx_word' id='word_1_135' title='bbox 308 1759 427 1833; x_wconf 84' lang='lat' dir='ltr'><strong>AEneae,</strong></span> <span class='ocrx_word' id='word_1_136' title='bbox 446 1758 496 1816; x_wconf 88' lang='lat' dir='ltr'><strong>cui</strong></span> <span class='ocrx_word' id='word_1_137' title='bbox 516 1755 570 1815; x_wconf 89' lang='lat' dir='ltr'><strong>illa</strong></span> <span class='ocrx_word' id='word_1_138' title='bbox 587 1755 776 1838; x_wconf 85' lang='lat' dir='ltr'><strong>perstudiose</strong></span> <span class='ocrx_word' id='word_1_139' title='bbox 790 1755 915 1818; x_wconf 87' lang='lat' dir='ltr'><strong>volebat</strong></span> <span class='ocrx_word' id='word_1_140' title='bbox 929 1761 1066 1842; x_wconf 89' lang='lat' dir='ltr'><strong>placere:</strong></span> 
     </span>
     <span class='ocr_line' id='line_1_18' title="bbox 55 1832 1069 1932; baseline 0.021 -41"><span class='ocrx_word' id='word_1_141' title='bbox 55 1832 138 1898; x_wconf 87' lang='lat' dir='ltr'><strong>dieitur</strong></span> <span class='ocrx_word' id='word_1_142' title='bbox 150 1842 228 1904; x_wconf 91' lang='lat' dir='ltr'><strong>Dido</strong></span> <span class='ocrx_word' id='word_1_143' title='bbox 242 1844 370 1906; x_wconf 79' lang='lat' dir='ltr'><strong>Sidonia</strong></span> <span class='ocrx_word' id='word_1_144' title='bbox 383 1866 448 1904; x_wconf 91' lang='lat' dir='ltr'><strong>non</strong></span> <span class='ocrx_word' id='word_1_145' title='bbox 462 1857 584 1904; x_wconf 89' lang='lat' dir='ltr'><strong>tantum</strong></span> <span class='ocrx_word' id='word_1_146' title='bbox 598 1858 712 1904; x_wconf 88' lang='lat' dir='ltr'><strong>ornatu</strong></span> <span class='ocrx_word' id='word_1_147' title='bbox 726 1847 865 1926; x_wconf 88' lang='lat' dir='ltr'><strong>poetico,</strong></span> <span class='ocrx_word' id='word_1_148' title='bbox 882 1848 933 1907; x_wconf 90' lang='lat' dir='ltr'><strong>sed</strong></span> <span class='ocrx_word' id='word_1_149' title='bbox 949 1851 1069 1932; x_wconf 77' lang='lat' dir='ltr'><strong>signate</strong></span> 
     </span>
     <span class='ocr_line' id='line_1_19' title="bbox 55 1923 1018 2019; baseline 0.023 -39"><span class='ocrx_word' id='word_1_150' title='bbox 55 1923 81 1981; x_wconf 90' lang='lat' dir='ltr'><strong>ad</strong></span> <span class='ocrx_word' id='word_1_151' title='bbox 90 1947 158 2004; x_wconf 83' lang='lat' dir='ltr'><strong>rem3</strong></span> <span class='ocrx_word' id='word_1_152' title='bbox 172 1953 243 1992; x_wconf 87' lang='lat' dir='ltr'><strong>nam</strong></span> <span class='ocrx_word' id='word_1_153' title='bbox 256 1933 388 1994; x_wconf 88' lang='lat' dir='ltr'><strong>Sidones</strong></span> <span class='ocrx_word' id='word_1_154' title='bbox 400 1935 554 2015; x_wconf 88' lang='lat' dir='ltr'><strong>principes</strong></span> <span class='ocrx_word' id='word_1_155' title='bbox 568 1933 694 1994; x_wconf 86' lang='lat' dir='ltr'><strong>fuerunt</strong></span> <span class='ocrx_word' id='word_1_156' title='bbox 707 1948 832 1994; x_wconf 86' lang='lat' dir='ltr'><strong>texturae</strong></span> <span class='ocrx_word' id='word_1_157' title='bbox 843 1958 1018 2019; x_wconf 82' lang='lat' dir='ltr'><strong>purpureae.</strong></span> 
     </span>
    </p>

    <p class='ocr_par' dir='ltr' id='par_1_4' title="bbox 55 2015 1069 2282">
     <span class='ocr_line' id='line_1_20' title="bbox 82 2015 1066 2111; baseline 0.016 -36"><span class='ocrx_word' id='word_1_158' title='bbox 82 2015 118 2093; x_wconf 82' lang='grc'><strong>76.</strong></span> <span class='ocrx_word' id='word_1_159' title='bbox 131 2020 243 2082; x_wconf 88' lang='lat' dir='ltr'><strong>Harum</strong></span> <span class='ocrx_word' id='word_1_160' title='bbox 255 2025 391 2083; x_wconf 87' lang='lat' dir='ltr'><strong>vestium</strong></span> <span class='ocrx_word' id='word_1_161' title='bbox 403 2045 465 2082; x_wconf 89' lang='lat' dir='ltr'><strong>uua</strong></span> <span class='ocrx_word' id='word_1_162' title='bbox 475 2023 581 2084; x_wconf 88' lang='lat' dir='ltr'><strong>induit</strong></span> <span class='ocrx_word' id='word_1_163' title='bbox 592 2043 704 2104; x_wconf 87' lang='lat' dir='ltr'><strong>corpus</strong></span> <span class='ocrx_word' id='word_1_164' title='bbox 717 2022 882 2100; x_wconf 85' lang='lat' dir='ltr'><strong>Pallantis,</strong></span> <span class='ocrx_word' id='word_1_165' title='bbox 896 2027 990 2086; x_wconf 89' lang='lat' dir='ltr'><strong>altera</strong></span> <span class='ocrx_word' id='word_1_166' title='bbox 1003 2029 1066 2111; x_wconf 86' lang='lat' dir='ltr'><strong>ejus</strong></span> 
     </span>
     <span class='ocr_line' id='line_1_21' title="bbox 55 2111 1069 2193; baseline 0.016 -30"><span class='ocrx_word' id='word_1_167' title='bbox 55 2120 139 2182; x_wconf 80' lang='lat' dir='ltr'><strong>capnt:</strong></span> <span class='ocrx_word' id='word_1_168' title='bbox 153 2111 191 2169; x_wconf 90' lang='lat' dir='ltr'><strong>ita</strong></span> <span class='ocrx_word' id='word_1_169' title='bbox 203 2113 344 2192; x_wconf 84' lang='lat' dir='ltr'><strong>Servius,</strong></span> <span class='ocrx_word' id='word_1_170' title='bbox 359 2112 455 2172; x_wconf 88' lang='lat' dir='ltr'><strong>etalii</strong></span> <span class='ocrx_word' id='word_1_171' title='bbox 469 2114 668 2192; x_wconf 83' lang='lat' dir='ltr'><strong>interpretes3</strong></span> <span class='ocrx_word' id='word_1_172' title='bbox 684 2113 758 2193; x_wconf 89' lang='lat' dir='ltr'><strong>quia</strong></span> <span class='ocrx_word' id='word_1_173' title='bbox 775 2111 916 2172; x_wconf 90' lang='lat' dir='ltr'><strong>videlicet</strong></span> <span class='ocrx_word' id='word_1_174' title='bbox 935 2115 1069 2179; x_wconf 86' lang='lat' dir='ltr'><strong>adducta</strong></span> 
     </span>
     <span class='ocr_line' id='line_1_22' title="bbox 55 2193 1067 2282; baseline 0.018 -34"><span class='ocrx_word' id='word_1_175' title='bbox 55 2193 121 2252; x_wconf 81' lang='lat' dir='ltr'><strong>testis</strong></span> <span class='ocrx_word' id='word_1_176' title='bbox 131 2199 269 2276; x_wconf 79' lang='lat' dir='ltr'><strong>gemina,</strong></span> <span class='ocrx_word' id='word_1_177' title='bbox 288 2220 358 2282; x_wconf 84' lang='lat' dir='ltr'><strong>quae</strong></span> <span class='ocrx_word' id='word_1_178' title='bbox 373 2221 438 2259; x_wconf 91' lang='lat' dir='ltr'><strong>non</strong></span> <span class='ocrx_word' id='word_1_179' title='bbox 453 2200 638 2274; x_wconf 87' lang='lat' dir='ltr'><strong>necessaria,</strong></span> <span class='ocrx_word' id='word_1_180' title='bbox 652 2201 712 2258; x_wconf 90' lang='lat' dir='ltr'><strong>uisi</strong></span> <span class='ocrx_word' id='word_1_181' title='bbox 727 2199 912 2259; x_wconf 89' lang='lat' dir='ltr'><strong>insumenda</strong></span> <span class='ocrx_word' id='word_1_182' title='bbox 927 2203 960 2260; x_wconf 91' lang='lat' dir='ltr'><strong>iu</strong></span> <span class='ocrx_word' id='word_1_183' title='bbox 975 2225 1067 2265; x_wconf 89' lang='lat' dir='ltr'><strong>usum</strong></span> 
     </span>
    </p>
   </div>
   <div class='ocr_carea' id='block_1_3' title="bbox 56 2275 1071 2718">
    <p class='ocr_par' dir='ltr' id='par_1_5' title="bbox 56 2275 769 2363">
     <span class='ocr_line' id='line_1_23' title="bbox 56 2275 769 2363; baseline 0.011 -25"><span class='ocrx_word' id='word_1_184' title='bbox 56 2275 189 2360; x_wconf 84' lang='lat' dir='ltr'><strong>duplicem.</strong></span> <span class='ocrx_word' id='word_1_185' title='bbox 202 2290 286 2348; x_wconf 88' lang='lat' dir='ltr'><strong>Nota</strong></span> <span class='ocrx_word' id='word_1_186' title='bbox 299 2293 378 2356; x_wconf 82' lang='grc' dir='ltr'>πάθος</span> <span class='ocrx_word' id='word_1_187' title='bbox 392 2288 518 2363; x_wconf 92' lang='lat' dir='ltr'><strong>inillis,</strong></span> <span class='ocrx_word' id='word_1_188' title='bbox 533 2308 647 2348; x_wconf 81' lang='lat' dir='ltr'><strong>arsurus</strong></span> <span class='ocrx_word' id='word_1_189' title='bbox 661 2307 769 2346; x_wconf 84' lang='lat' dir='ltr'><strong>eomas.</strong></span> 
     </span>
    </p>

    <p class='ocr_par' dir='ltr' id='par_1_6' title="bbox 57 2369 1070 2632">
     <span class='ocr_line' id='line_1_24' title="bbox 83 2369 1069 2458; baseline 0 -24"><span class='ocrx_word' id='word_1_190' title='bbox 83 2371 119 2447; x_wconf 69' lang='lat' dir='ltr'><strong>td·</strong></span> <span class='ocrx_word' id='word_1_191' title='bbox 132 2374 200 2450; x_wconf 88' lang='lat' dir='ltr'><strong>Quae</strong></span> <span class='ocrx_word' id='word_1_192' title='bbox 212 2375 280 2438; x_wconf 85' lang='lat' dir='ltr'><strong>haec</strong></span> <span class='ocrx_word' id='word_1_193' title='bbox 294 2378 439 2458; x_wconf 84' lang='lat' dir='ltr'><strong>praemia,</strong></span> <span class='ocrx_word' id='word_1_194' title='bbox 454 2375 516 2435; x_wconf 89' lang='lat' dir='ltr'><strong>nisi</strong></span> <span class='ocrx_word' id='word_1_195' title='bbox 531 2373 642 2448; x_wconf 79' lang='lat' dir='ltr'><strong>hastae,</strong></span> <span class='ocrx_word' id='word_1_196' title='bbox 658 2371 769 2453; x_wconf 82' lang='lat' dir='ltr'><strong>gladii,</strong></span> <span class='ocrx_word' id='word_1_197' title='bbox 788 2369 944 2448; x_wconf 84' lang='lat' dir='ltr'><strong>thoraces,</strong></span> <span class='ocrx_word' id='word_1_198' title='bbox 958 2375 1069 2454; x_wconf 80' lang='lat' dir='ltr'><strong>galeae,</strong></span> 
     </span>
     <span class='ocr_line' id='line_1_25' title="bbox 57 2454 1070 2546; baseline 0.005 -31"><span class='ocrx_word' id='word_1_199' title='bbox 57 2467 78 2511; x_wconf 88' lang='lat' dir='ltr'><strong>et</strong></span> <span class='ocrx_word' id='word_1_200' title='bbox 89 2454 141 2519; x_wconf 77' lang='lat' dir='ltr'><strong>hac</strong></span> <span class='ocrx_word' id='word_1_201' title='bbox 155 2466 260 2524; x_wconf 89' lang='lat' dir='ltr'><strong>omnia</strong></span> <span class='ocrx_word' id='word_1_202' title='bbox 278 2461 366 2546; x_wconf 77' lang='lat' dir='ltr'><strong>lonqo</strong></span> <span class='ocrx_word' id='word_1_203' title='bbox 379 2463 493 2536; x_wconf 77' lang='lat' dir='ltr'><strong>ordine,</strong></span> <span class='ocrx_word' id='word_1_204' title='bbox 515 2459 555 2521; x_wconf 86' lang='lat' dir='ltr'><strong>ad</strong></span> <span class='ocrx_word' id='word_1_205' title='bbox 572 2460 812 2520; x_wconf 86' lang='lat' dir='ltr'><strong>ostentationem</strong></span> <span class='ocrx_word' id='word_1_206' title='bbox 830 2471 860 2518; x_wconf 92' lang='lat' dir='ltr'><strong>et</strong></span> <span class='ocrx_word' id='word_1_207' title='bbox 871 2459 1070 2540; x_wconf 79' lang='lat' dir='ltr'><strong>magnificen-</strong></span> 
     </span>
     <span class='ocr_line' id='line_1_26' title="bbox 58 2541 834 2632; baseline 0.003 -28"><span class='ocrx_word' id='word_1_208' title='bbox 58 2541 245 2628; x_wconf 71' lang='lat' dir='ltr'><strong>tentareris:</strong></span> <span class='ocrx_word' id='word_1_209' title='bbox 264 2553 335 2632; x_wconf 92' lang='lat' dir='ltr'><strong>equi</strong></span> <span class='ocrx_word' id='word_1_210' title='bbox 349 2551 442 2610; x_wconf 87' lang='lat' dir='ltr'><strong>etiam</strong></span> <span class='ocrx_word' id='word_1_211' title='bbox 454 2548 571 2632; x_wconf 85' lang='lat' dir='ltr'><strong>captivi</strong></span> <span class='ocrx_word' id='word_1_212' title='bbox 584 2558 655 2606; x_wconf 88' lang='lat' dir='ltr'><strong>ante</strong></span> <span class='ocrx_word' id='word_1_213' title='bbox 667 2546 834 2606; x_wconf 88' lang='lat' dir='ltr'><strong>ducuntur.</strong></span> 
     </span>
    </p>

    <p class='ocr_par' dir='ltr' id='par_1_7' title="bbox 84 2636 1071 2718">
     <span class='ocr_line' id='line_1_27' title="bbox 84 2636 1071 2718; baseline 0.003 -20"><span class='ocrx_word' id='word_1_214' title='bbox 84 2636 121 2693; x_wconf 81' lang='lat'><strong>81·</strong></span> <span class='ocrx_word' id='word_1_215' title='bbox 134 2640 259 2702; x_wconf 85' lang='lat' dir='ltr'><strong>Revocet</strong></span> <span class='ocrx_word' id='word_1_216' title='bbox 270 2643 381 2700; x_wconf 86' lang='lat' dir='ltr'><strong>Lector</strong></span> <span class='ocrx_word' id='word_1_217' title='bbox 397 2641 430 2698; x_wconf 90' lang='lat' dir='ltr'><strong>in</strong></span> <span class='ocrx_word' id='word_1_218' title='bbox 443 2638 643 2714; x_wconf 87' lang='lat' dir='ltr'><strong>memoriam,</strong></span> <span class='ocrx_word' id='word_1_219' title='bbox 663 2658 732 2718; x_wconf 88' lang='lat' dir='ltr'><strong>quae</strong></span> <span class='ocrx_word' id='word_1_220' title='bbox 749 2638 907 2718; x_wconf 74' lang='lat' dir='ltr'><strong>premissa</strong></span> <span class='ocrx_word' id='word_1_221' title='bbox 923 2640 957 2698; x_wconf 89' lang='lat' dir='ltr'><strong>iu</strong></span> <span class='ocrx_word' id='word_1_222' title='bbox 971 2641 1071 2702; x_wconf 85' lang='lat' dir='ltr'><strong>AEnei·</strong></span> 
     </span>
    </p>
   </div>
   <div class='ocr_carea' id='block_1_4' title="bbox 59 2818 1078 4090">
    <p class='ocr_par' dir='ltr' id='par_1_8' title="bbox 59 2818 1077 3608">
     <span class='ocr_line' id='line_1_28' title="bbox 83 2818 1071 2894; baseline 0 -23"><span class='ocrx_word' id='word_1_223' title='bbox 83 2829 115 2884; x_wconf 85' lang='lat'><strong>77.</strong></span> <span class='ocrx_word' id='word_1_224' title='bbox 137 2819 291 2894; x_wconf 79' lang='lat' dir='ltr'><strong>Arsurasque</strong></span> <span class='ocrx_word' id='word_1_225' title='bbox 314 2839 400 2874; x_wconf 84' lang='lat' dir='ltr'><strong>eomas</strong></span> <span class='ocrx_word' id='word_1_226' title='bbox 424 2820 529 2876; x_wconf 80' lang='lat' dir='ltr'><strong>obnubit</strong></span> <span class='ocrx_word' id='word_1_227' title='bbox 571 2818 684 2890; x_wconf 81' lang='lat' dir='ltr'><strong>spolium</strong></span> <span class='ocrx_word' id='word_1_228' title='bbox 696 2818 794 2871; x_wconf 89' lang='lat' dir='ltr'><strong>dicitur</strong></span> <span class='ocrx_word' id='word_1_229' title='bbox 809 2818 937 2889; x_wconf 90' lang='lat' dir='ltr'><strong>quicquid</strong></span> <span class='ocrx_word' id='word_1_230' title='bbox 949 2818 1071 2871; x_wconf 86' lang='lat' dir='ltr'><strong>hostibus</strong></span> 
     </span>
     <span class='ocr_line' id='line_1_29' title="bbox 59 2895 1071 2966; baseline 0.006 -26"><span class='ocrx_word' id='word_1_231' title='bbox 59 2895 137 2946; x_wconf 69' lang='lat' dir='ltr'><strong>onum.</strong></span> <span class='ocrx_word' id='word_1_232' title='bbox 154 2901 250 2953; x_wconf 81' lang='lat' dir='ltr'><strong>flamm</strong></span> <span class='ocrx_word' id='word_1_233' title='bbox 270 2919 351 2952; x_wconf 88' lang='lat' dir='ltr'><strong>unam</strong></span> <span class='ocrx_word' id='word_1_234' title='bbox 370 2902 403 2954; x_wconf 88' lang='lat' dir='ltr'><strong>de</strong></span> <span class='ocrx_word' id='word_1_235' title='bbox 422 2899 527 2953; x_wconf 85' lang='lat' dir='ltr'><strong>duabus</strong></span> <span class='ocrx_word' id='word_1_236' title='bbox 572 2897 684 2949; x_wconf 87' lang='lat' dir='ltr'><strong>tollitur.</strong></span> <span class='ocrx_word' id='word_1_237' title='bbox 704 2897 877 2966; x_wconf 75' lang='lat' dir='ltr'><strong>Aliiaequos</strong></span> <span class='ocrx_word' id='word_1_238' title='bbox 892 2911 918 2948; x_wconf 89' lang='lat' dir='ltr'><strong>et</strong></span> <span class='ocrx_word' id='word_1_239' title='bbox 931 2897 997 2960; x_wconf 87' lang='lat' dir='ltr'><strong>tela,</strong></span> <span class='ocrx_word' id='word_1_240' title='bbox 1010 2899 1071 2966; x_wconf 89' lang='lat' dir='ltr'><strong>qui-</strong></span> 
     </span>
     <span class='ocr_line' id='line_1_30' title="bbox 59 2973 1074 3051; baseline 0.004 -29"><span class='ocrx_word' id='word_1_241' title='bbox 59 2974 147 3027; x_wconf 77' lang='lat' dir='ltr'><strong>tatibus</strong></span> <span class='ocrx_word' id='word_1_242' title='bbox 162 2981 247 3033; x_wconf 89' lang='lat' dir='ltr'><strong>induit</strong></span> <span class='ocrx_word' id='word_1_243' title='bbox 261 2982 367 3051; x_wconf 86' lang='lat' dir='ltr'><strong>juveni,</strong></span> <span class='ocrx_word' id='word_1_244' title='bbox 385 2980 466 3032; x_wconf 85' lang='lat' dir='ltr'><strong>altera</strong></span> <span class='ocrx_word' id='word_1_245' title='bbox 483 2999 529 3032; x_wconf 85' lang='lat' dir='ltr'><strong>ca·</strong></span> <span class='ocrx_word' id='word_1_246' title='bbox 572 2977 623 3028; x_wconf 89' lang='lat' dir='ltr'><strong>bus</strong></span> <span class='ocrx_word' id='word_1_247' title='bbox 636 2976 797 3048; x_wconf 84' lang='lat' dir='ltr'><strong>spoliaverat</strong></span> <span class='ocrx_word' id='word_1_248' title='bbox 809 2975 914 3026; x_wconf 88' lang='lat' dir='ltr'><strong>hostem</strong></span> <span class='ocrx_word' id='word_1_249' title='bbox 924 2999 953 3039; x_wconf 75' lang='lat' dir='ltr'><strong>n,</strong></span> <span class='ocrx_word' id='word_1_250' title='bbox 968 2973 1003 3026; x_wconf 91' lang='lat' dir='ltr'><strong>ad</strong></span> <span class='ocrx_word' id='word_1_251' title='bbox 1016 2975 1074 3026; x_wconf 82' lang='lat' dir='ltr'><strong>Pal·</strong></span> 
     </span>
     <span class='ocr_line' id='line_1_31' title="bbox 60 3056 1072 3132; baseline -0.01 -16"><span class='ocrx_word' id='word_1_252' title='bbox 60 3064 93 3116; x_wconf 87' lang='lat' dir='ltr'><strong>put</strong></span> <span class='ocrx_word' id='word_1_253' title='bbox 105 3057 151 3123; x_wconf 67' lang='lat' dir='ltr'><strong>ejus</strong></span> <span class='ocrx_word' id='word_1_254' title='bbox 163 3061 273 3124; x_wconf 85' lang='lat' dir='ltr'><strong>velavit;</strong></span> <span class='ocrx_word' id='word_1_255' title='bbox 292 3081 354 3113; x_wconf 86' lang='lat' dir='ltr'><strong>uam</strong></span> <span class='ocrx_word' id='word_1_256' title='bbox 366 3079 448 3132; x_wconf 86' lang='lat' dir='ltr'><strong>supra</strong></span> <span class='ocrx_word' id='word_1_257' title='bbox 460 3060 527 3124; x_wconf 83' lang='lat' dir='ltr'><strong>duas</strong></span> <span class='ocrx_word' id='word_1_258' title='bbox 572 3057 672 3110; x_wconf 75' lang='lat' dir='ltr'><strong>lentem</strong></span> <span class='ocrx_word' id='word_1_259' title='bbox 690 3056 785 3108; x_wconf 84' lang='lat' dir='ltr'><strong>volunt</strong></span> <span class='ocrx_word' id='word_1_260' title='bbox 804 3067 907 3108; x_wconf 86' lang='lat' dir='ltr'><strong>tantum</strong></span> <span class='ocrx_word' id='word_1_261' title='bbox 926 3056 1072 3124; x_wconf 89' lang='lat' dir='ltr'><strong>pertinere,</strong></span> 
     </span>
     <span class='ocr_line' id='line_1_32' title="bbox 60 3134 1074 3212; baseline 0.006 -33"><span class='ocrx_word' id='word_1_262' title='bbox 60 3145 123 3186; x_wconf 83' lang='lat' dir='ltr'><strong>vestes</strong></span> <span class='ocrx_word' id='word_1_263' title='bbox 134 3137 193 3190; x_wconf 79' lang='lat' dir='ltr'><strong>dixit</strong></span> <span class='ocrx_word' id='word_1_264' title='bbox 204 3160 263 3194; x_wconf 83' lang='lat' dir='ltr'><strong>esse</strong></span> <span class='ocrx_word' id='word_1_265' title='bbox 273 3141 400 3212; x_wconf 87' lang='lat' dir='ltr'><strong>prolatas.</strong></span> <span class='ocrx_word' id='word_1_266' title='bbox 416 3140 530 3193; x_wconf 82' lang='lat' dir='ltr'><strong>Obnubit</strong></span> <span class='ocrx_word' id='word_1_267' title='bbox 574 3140 637 3208; x_wconf 89' lang='lat' dir='ltr'><strong>quia</strong></span> <span class='ocrx_word' id='word_1_268' title='bbox 645 3140 672 3188; x_wconf 93' lang='lat' dir='ltr'><strong>in</strong></span> <span class='ocrx_word' id='word_1_269' title='bbox 681 3138 797 3207; x_wconf 86' lang='lat' dir='ltr'><strong>antiquis</strong></span> <span class='ocrx_word' id='word_1_270' title='bbox 806 3134 953 3205; x_wconf 86' lang='lat' dir='ltr'><strong>disciplinis</strong></span> <span class='ocrx_word' id='word_1_271' title='bbox 962 3134 1074 3186; x_wconf 87' lang='lat' dir='ltr'><strong>relatum</strong></span> 
     </span>
     <span class='ocr_line' id='line_1_33' title="bbox 62 3217 1075 3288; baseline 0.012 -32"><span class='ocrx_word' id='word_1_272' title='bbox 62 3223 139 3280; x_wconf 85' lang='lat' dir='ltr'><strong>autem,</strong></span> <span class='ocrx_word' id='word_1_273' title='bbox 149 3219 258 3272; x_wconf 83' lang='lat' dir='ltr'><strong>velavit:</strong></span> <span class='ocrx_word' id='word_1_274' title='bbox 271 3221 410 3273; x_wconf 84' lang='lat' dir='ltr'><strong>translatio</strong></span> <span class='ocrx_word' id='word_1_275' title='bbox 424 3239 440 3272; x_wconf 88' lang='lat' dir='ltr'><strong>a</strong></span> <span class='ocrx_word' id='word_1_276' title='bbox 453 3219 531 3278; x_wconf 85' lang='lat' dir='ltr'><strong>nubi·</strong></span> <span class='ocrx_word' id='word_1_277' title='bbox 574 3232 627 3285; x_wconf 86' lang='lat' dir='ltr'><strong>est,</strong></span> <span class='ocrx_word' id='word_1_278' title='bbox 649 3219 736 3286; x_wconf 75' lang='lat' dir='ltr'><strong>«Quae</strong></span> <span class='ocrx_word' id='word_1_279' title='bbox 756 3219 869 3288; x_wconf 83' lang='lat' dir='ltr'><strong>quisque</strong></span> <span class='ocrx_word' id='word_1_280' title='bbox 885 3217 983 3266; x_wconf 82' lang='lat' dir='ltr'><strong>virtute</strong></span> <span class='ocrx_word' id='word_1_281' title='bbox 996 3233 1075 3268; x_wconf 86' lang='lat' dir='ltr'><strong>orna-</strong></span> 
     </span>
     <span class='ocr_line' id='line_1_34' title="bbox 60 3282 1075 3372; baseline -0.003 -24"><span class='ocrx_word' id='word_1_282' title='bbox 60 3282 106 3354; x_wconf 61' lang='lat' dir='ltr'><strong>bllss,</strong></span> <span class='ocrx_word' id='word_1_283' title='bbox 120 3298 205 3365; x_wconf 83' lang='lat' dir='ltr'><strong>quibus</strong></span> <span class='ocrx_word' id='word_1_284' title='bbox 219 3303 318 3372; x_wconf 72' lang='lat' dir='ltr'><strong>tegitur</strong></span> <span class='ocrx_word' id='word_1_285' title='bbox 332 3301 440 3352; x_wconf 74' lang='lat' dir='ltr'><strong>caelum:</strong></span> <span class='ocrx_word' id='word_1_286' title='bbox 457 3299 529 3352; x_wconf 83' lang='lat' dir='ltr'><strong>unde</strong></span> <span class='ocrx_word' id='word_1_287' title='bbox 574 3311 664 3352; x_wconf 87' lang='lat' dir='ltr'><strong>menta</strong></span> <span class='ocrx_word' id='word_1_288' title='bbox 673 3309 831 3350; x_wconf 88' lang='lat' dir='ltr'><strong>consecutus</strong></span> <span class='ocrx_word' id='word_1_289' title='bbox 840 3307 921 3360; x_wconf 80' lang='lat' dir='ltr'><strong>esset,</strong></span> <span class='ocrx_word' id='word_1_290' title='bbox 930 3308 996 3345; x_wconf 79' lang='lat' dir='ltr'><strong>uteo</strong></span> <span class='ocrx_word' id='word_1_291' title='bbox 1006 3314 1075 3346; x_wconf 89' lang='lat' dir='ltr'><strong>mor·</strong></span> 
     </span>
     <span class='ocr_line' id='line_1_35' title="bbox 61 3373 1077 3452; baseline -0.004 -23"><span class='ocrx_word' id='word_1_292' title='bbox 61 3378 167 3444; x_wconf 68' lang='lat' dir='ltr'><strong>treptie</strong></span> <span class='ocrx_word' id='word_1_293' title='bbox 179 3381 317 3447; x_wconf 82' lang='lat' dir='ltr'><strong>dicuntur,</strong></span> <span class='ocrx_word' id='word_1_294' title='bbox 340 3381 413 3452; x_wconf 92' lang='lat' dir='ltr'><strong>quod</strong></span> <span class='ocrx_word' id='word_1_295' title='bbox 424 3382 530 3433; x_wconf 90' lang='lat' dir='ltr'><strong>nubeu-</strong></span> <span class='ocrx_word' id='word_1_296' title='bbox 575 3391 718 3431; x_wconf 88' lang='lat' dir='ltr'><strong>tuumeum</strong></span> <span class='ocrx_word' id='word_1_297' title='bbox 727 3374 946 3427; x_wconf 86' lang='lat' dir='ltr'><strong>condecorarent.</strong></span> <span class='ocrx_word' id='word_1_298' title='bbox 958 3397 968 3421; x_wconf 69' lang='lat' dir='ltr'><strong>a</strong></span> <span class='ocrx_word' id='word_1_299' title='bbox 979 3373 1077 3428; x_wconf 77' lang='lat' dir='ltr'><strong>Sallusa</strong></span> 
     </span>
     <span class='ocr_line' id='line_1_36' title="bbox 62 3449 1074 3530; baseline -0.004 -20"><span class='ocrx_word' id='word_1_300' title='bbox 62 3449 110 3502; x_wconf 71' lang='lat' dir='ltr'><strong>tium</strong></span> <span class='ocrx_word' id='word_1_301' title='bbox 124 3461 206 3530; x_wconf 86' lang='lat' dir='ltr'><strong>capita</strong></span> <span class='ocrx_word' id='word_1_302' title='bbox 221 3462 409 3527; x_wconf 85' lang='lat' dir='ltr'><strong>obnubantur,</strong></span> <span class='ocrx_word' id='word_1_303' title='bbox 427 3461 456 3513; x_wconf 90' lang='lat' dir='ltr'><strong>id</strong></span> <span class='ocrx_word' id='word_1_304' title='bbox 477 3474 530 3526; x_wconf 86' lang='lat' dir='ltr'><strong>est,</strong></span> <span class='ocrx_word' id='word_1_305' title='bbox 575 3461 641 3522; x_wconf 88' lang='lat' dir='ltr'><strong>tius,</strong></span> <span class='ocrx_word' id='word_1_306' title='bbox 660 3458 784 3507; x_wconf 77' lang='lat' dir='ltr'><strong>uExuant</strong></span> <span class='ocrx_word' id='word_1_307' title='bbox 801 3455 880 3505; x_wconf 85' lang='lat' dir='ltr'><strong>armis</strong></span> <span class='ocrx_word' id='word_1_308' title='bbox 896 3455 1034 3524; x_wconf 84' lang='lat' dir='ltr'><strong>equisque.</strong></span> <span class='ocrx_word' id='word_1_309' title='bbox 1046 3455 1074 3506; x_wconf 90' lang='lat' dir='ltr'><strong>S.</strong></span> 
     </span>
     <span class='ocr_line' id='line_1_37' title="bbox 62 3530 1075 3608; baseline 0.007 -29"><span class='ocrx_word' id='word_1_310' title='bbox 62 3530 164 3588; x_wconf 84' lang='lat' dir='ltr'><strong>velentur.</strong></span> <span class='ocrx_word' id='word_1_311' title='bbox 177 3543 246 3594; x_wconf 74' lang='lat' dir='ltr'><strong>Serv,</strong></span> <span class='ocrx_word' id='word_1_312' title='bbox 576 3568 610 3578; x_wconf 85' lang='lat'>-</span> <span class='ocrx_word' id='word_1_313' title='bbox 626 3537 722 3608; x_wconf 77' lang='lat' dir='ltr'><strong>Quibus</strong></span> <span class='ocrx_word' id='word_1_314' title='bbox 738 3533 893 3606; x_wconf 83' lang='lat' dir='ltr'><strong>spoliaverat</strong></span> <span class='ocrx_word' id='word_1_315' title='bbox 909 3533 1014 3583; x_wconf 82' lang='lat' dir='ltr'><strong>hostem.</strong></span> <span class='ocrx_word' id='word_1_316' title='bbox 1032 3532 1075 3586; x_wconf 89' lang='lat' dir='ltr'><strong>Sic</strong></span> 
     </span>
    </p>

    <p class='ocr_par' dir='ltr' id='par_1_9' title="bbox 64 3612 1078 4090">
     <span class='ocr_line' id='line_1_38' title="bbox 88 3612 1075 3695; baseline -0.001 -31"><span class='ocrx_word' id='word_1_317' title='bbox 88 3613 121 3666; x_wconf 78' lang='lat' dir='ltr'><strong>do.</strong></span> <span class='ocrx_word' id='word_1_318' title='bbox 132 3621 213 3692; x_wconf 83' lang='lat' dir='ltr'><strong>Equos</strong></span> <span class='ocrx_word' id='word_1_319' title='bbox 221 3633 247 3673; x_wconf 89' lang='lat' dir='ltr'><strong>et</strong></span> <span class='ocrx_word' id='word_1_320' title='bbox 256 3621 307 3674; x_wconf 84' lang='lat' dir='ltr'><strong>tela</strong></span> <span class='ocrx_word' id='word_1_321' title='bbox 313 3660 323 3687; x_wconf 94' lang='lat'><strong>,</strong></span> <span class='ocrx_word' id='word_1_322' title='bbox 335 3623 427 3695; x_wconf 82' lang='lat' dir='ltr'><strong>quibus</strong></span> <span class='ocrx_word' id='word_1_323' title='bbox 436 3621 532 3694; x_wconf 79' lang='lat' dir='ltr'><strong>spolia·</strong></span> <span class='ocrx_word' id='word_1_324' title='bbox 576 3619 656 3672; x_wconf 82' lang='lat' dir='ltr'><strong>etiam</strong></span> <span class='ocrx_word' id='word_1_325' title='bbox 668 3613 795 3684; x_wconf 87' lang='lat' dir='ltr'><strong>explicari</strong></span> <span class='ocrx_word' id='word_1_326' title='bbox 808 3625 911 3684; x_wconf 87' lang='lat' dir='ltr'><strong>potest:</strong></span> <span class='ocrx_word' id='word_1_327' title='bbox 925 3612 967 3663; x_wconf 85' lang='lat' dir='ltr'><strong>vel</strong></span> <span class='ocrx_word' id='word_1_328' title='bbox 978 3612 1075 3682; x_wconf 85' lang='lat' dir='ltr'><strong>quibus</strong></span> 
     </span>
     <span class='ocr_line' id='line_1_39' title="bbox 64 3689 1077 3767; baseline 0 -26"><span class='ocrx_word' id='word_1_329' title='bbox 64 3694 267 3754; x_wconf 64' lang='lat' dir='ltr'><strong>metumve!</strong></span> <span class='ocrx_word' id='word_1_330' title='bbox 276 3701 531 3767; x_wconf 79' lang='lat' dir='ltr'><strong>Pallas,veltEneas;</strong></span> <span class='ocrx_word' id='word_1_331' title='bbox 577 3714 639 3748; x_wconf 86' lang='lat' dir='ltr'><strong>usus</strong></span> <span class='ocrx_word' id='word_1_332' title='bbox 652 3695 740 3746; x_wconf 83' lang='lat' dir='ltr'><strong>fuerat</strong></span> <span class='ocrx_word' id='word_1_333' title='bbox 750 3691 849 3756; x_wconf 86' lang='lat' dir='ltr'><strong>Pallas,</strong></span> <span class='ocrx_word' id='word_1_334' title='bbox 861 3691 924 3742; x_wconf 89' lang='lat' dir='ltr'><strong>durn</strong></span> <span class='ocrx_word' id='word_1_335' title='bbox 937 3689 1027 3742; x_wconf 87' lang='lat' dir='ltr'><strong>hostes</strong></span> <span class='ocrx_word' id='word_1_336' title='bbox 1038 3693 1077 3742; x_wconf 88' lang='lat' dir='ltr'><strong>in·</strong></span> 
     </span>
     <span class='ocr_line' id='line_1_40' title="bbox 64 3771 1077 3854; baseline -0.01 -21"><span class='ocrx_word' id='word_1_337' title='bbox 64 3784 109 3822; x_wconf 62' lang='grc' dir='ltr'><strong>ΜΝ</strong></span> <span class='ocrx_word' id='word_1_338' title='bbox 121 3778 233 3853; x_wconf 63' lang='lat' dir='ltr'><strong>ambigue</strong></span> <span class='ocrx_word' id='word_1_339' title='bbox 249 3785 367 3854; x_wconf 88' lang='lat' dir='ltr'><strong>positum</strong></span> <span class='ocrx_word' id='word_1_340' title='bbox 380 3796 427 3835; x_wconf 85' lang='lat' dir='ltr'><strong>est.</strong></span> <span class='ocrx_word' id='word_1_341' title='bbox 442 3783 533 3854; x_wconf 84' lang='lat' dir='ltr'><strong>Spolia</strong></span> <span class='ocrx_word' id='word_1_342' title='bbox 577 3781 724 3835; x_wconf 84' lang='lat' dir='ltr'><strong>terimeret;</strong></span> <span class='ocrx_word' id='word_1_343' title='bbox 741 3773 782 3827; x_wconf 86' lang='lat' dir='ltr'><strong>vel</strong></span> <span class='ocrx_word' id='word_1_344' title='bbox 797 3773 893 3844; x_wconf 89' lang='lat' dir='ltr'><strong>quibus</strong></span> <span class='ocrx_word' id='word_1_345' title='bbox 909 3771 998 3823; x_wconf 88' lang='lat' dir='ltr'><strong>hostes</strong></span> <span class='ocrx_word' id='word_1_346' title='bbox 1015 3791 1077 3843; x_wconf 89' lang='lat' dir='ltr'><strong>spo·</strong></span> 
     </span>
     <span class='ocr_line' id='line_1_41' title="bbox 65 3855 1078 3935; baseline -0.011 -22"><span class='ocrx_word' id='word_1_347' title='bbox 65 3863 131 3905; x_wconf 64' lang='lat' dir='ltr'><strong>&#39;ulem</strong></span> <span class='ocrx_word' id='word_1_348' title='bbox 150 3877 228 3930; x_wconf 87' lang='lat' dir='ltr'><strong>quum</strong></span> <span class='ocrx_word' id='word_1_349' title='bbox 247 3864 357 3935; x_wconf 89' lang='lat' dir='ltr'><strong>proprie</strong></span> <span class='ocrx_word' id='word_1_350' title='bbox 378 3879 410 3913; x_wconf 86' lang='lat' dir='ltr'><strong>ea</strong></span> <span class='ocrx_word' id='word_1_351' title='bbox 429 3875 533 3914; x_wconf 86' lang='lat' dir='ltr'><strong>tanturn</strong></span> <span class='ocrx_word' id='word_1_352' title='bbox 576 3859 666 3910; x_wconf 83' lang='lat' dir='ltr'><strong>liavit:</strong></span> <span class='ocrx_word' id='word_1_353' title='bbox 678 3855 771 3928; x_wconf 86' lang='lat' dir='ltr'><strong>ultima</strong></span> <span class='ocrx_word' id='word_1_354' title='bbox 783 3866 872 3905; x_wconf 87' lang='lat' dir='ltr'><strong>tamen</strong></span> <span class='ocrx_word' id='word_1_355' title='bbox 885 3855 1078 3903; x_wconf 75' lang='lat' dir='ltr'><strong>sententiantes</strong></span> 
     </span>
     <span class='ocr_line' id='line_1_42' title="bbox 65 3930 1075 4013; baseline -0.019 -14"><span class='ocrx_word' id='word_1_356' title='bbox 65 3930 113 3998; x_wconf 58' lang='lat'><strong>&#39;5⁰¹2</strong></span> <span class='ocrx_word' id='word_1_357' title='bbox 122 3939 301 4008; x_wconf 77' lang='lat' dir='ltr'><strong>quihushostis</strong></span> <span class='ocrx_word' id='word_1_358' title='bbox 311 3941 422 4013; x_wconf 87' lang='lat' dir='ltr'><strong>spoliari</strong></span> <span class='ocrx_word' id='word_1_359' title='bbox 432 3955 531 4013; x_wconf 86' lang='lat' dir='ltr'><strong>potest,</strong></span> <span class='ocrx_word' id='word_1_360' title='bbox 576 3937 628 3990; x_wconf 89' lang='lat' dir='ltr'><strong>lior</strong></span> <span class='ocrx_word' id='word_1_361' title='bbox 641 3948 689 3988; x_wconf 84' lang='lat' dir='ltr'><strong>est.</strong></span> <span class='ocrx_word' id='word_1_362' title='bbox 703 3965 737 3974; x_wconf 92' lang='lat'>-</span> <span class='ocrx_word' id='word_1_363' title='bbox 749 3936 879 3985; x_wconf 87' lang='lat' dir='ltr'><strong>Homerus</strong></span> <span class='ocrx_word' id='word_1_364' title='bbox 895 3931 969 3982; x_wconf 87' lang='lat' dir='ltr'><strong>lliad.</strong></span> <span class='ocrx_word' id='word_1_365' title='bbox 983 3932 1075 3982; x_wconf 74' lang='lat' dir='ltr'><strong>xxiii.</strong></span> 
     </span>
     <span class='ocr_line' id='line_1_43' title="bbox 66 4010 908 4090; baseline 0.007 -33"><span class='ocrx_word' id='word_1_366' title='bbox 66 4021 85 4059; x_wconf 84' lang='lat' dir='ltr'><strong>nt</strong></span> <span class='ocrx_word' id='word_1_367' title='bbox 95 4010 168 4070; x_wconf 84' lang='lat' dir='ltr'><strong>lorica</strong></span> <span class='ocrx_word' id='word_1_368' title='bbox 182 4021 221 4074; x_wconf 81' lang='lat' dir='ltr'><strong>vel</strong></span> <span class='ocrx_word' id='word_1_369' title='bbox 237 4024 335 4086; x_wconf 78' lang='lat' dir='ltr'><strong>vestis,</strong></span> <span class='ocrx_word' id='word_1_370' title='bbox 354 4021 462 4076; x_wconf 74' lang='lat' dir='ltr'><strong>abusive</strong></span> <span class='ocrx_word' id='word_1_371' title='bbox 476 4024 532 4090; x_wconf 78' lang='lat' dir='ltr'><strong>jam</strong></span> <span class='ocrx_word' id='word_1_372' title='bbox 576 4019 688 4083; x_wconf 84' lang='lat' dir='ltr'><strong>Statius,</strong></span> <span class='ocrx_word' id='word_1_373' title='bbox 698 4015 782 4070; x_wconf 86' lang='lat' dir='ltr'><strong>Theb.</strong></span> <span class='ocrx_word' id='word_1_374' title='bbox 794 4013 908 4079; x_wconf 80' lang='lat' dir='ltr'><strong>x11‚60.</strong></span> 
     </span>
    </p>
   </div>
   <div class='ocr_carea' id='block_1_5' title="bbox 0 0 1374 4582">
    <p class='ocr_par' dir='ltr' id='par_1_10' title="bbox 0 0 1374 4582">
     <span class='ocr_line' id='line_1_44' title="bbox 0 0 1374 4582; baseline 0 0"><span class='ocrx_word' id='word_1_375' title='bbox 0 0 1374 4582; x_wconf 95' lang='lat' dir='ltr'><strong> </strong></span> 
     </span>
    </p>
   </div>
  </div>
 </body>
</html>
