2726 4592
240 287 304 376 37⁰
486 283 521 344 Ρ.
545 279 777 346 vrnomu
800 271 1035 350 nunonis

344 407 480 460 Proximus
490 402 554 458 huic
567 416 671 470 autem,
683 417 710 457 et
721 405 750 458 ni
761 406 914 460 veneranda
926 422 1047 462 senectus

345 485 498 550 obstiterit,
511 484 624 538 fortasse
636 486 720 556 prior.

638 629 708 669 PAR
728 631 888 672 nomem.

279 753 368 812 Hauc
381 748 545 829 paritatem
561 745 683 804 videtur
697 767 863 827 agnoscere
882 747 997 807 Seneca
1017 749 1051 806 in
1069 749 1286 812 consolatione
1352 769 1353 802 ἒ

241 843 281 903 ad
288 838 455 920 Polybium
466 857 472 893 ι
484 859 498 889 ιι
508 836 662 896 Homerus
675 849 706 895 et
715 835 866 918 Virgilius
878 836 957 896 bene'
972 835 1010 896 de
1022 835 1163 900 humano
1179 862 1286 922 genere

238 931 378 992 meriti.»
393 927 577 1005 Hieronym.
589 925 687 1006 Epist.
704 926 773 1002 151,
787 926 826 986 ad
838 926 993 1008 Algasiam
1007 941 1111 1008 quaest.
1129 950 1180 1002 10,
1195 954 1209 983 ιι
1218 931 1284 990 Vir·
1352 967 1353 970 =

239 1020 332 1103 gilius
347 1017 423 1078 alter
439 1015 593 1076 Homerus
608 1016 693 1096 apud
710 1035 767 1076 uos
777 1039 783 1076 :
795 1042 810 1072 ιι
829 1027 1035 1078 etcomment.
1052 1019 1087 1076 in
1100 1017 1284 1093 Michaeam3

239 1111 331 1191 capit.
344 1106 418 1166 Vll:
434 1115 550 1186 «poeta
565 1102 725 1178 sublimis;
740 1126 807 1165 non
820 1107 976 1166 Homerus
991 1106 1083 1182 alter,
1098 1119 1134 1167 ut
1147 1109 1287 1168 Lucilius

240 1203 279 1262 de
290 1200 393 1260 Ennio
406 1196 596 1275 suspicatur,
607 1195 659 1254 sed
669 1197 790 1277 primus
800 1197 955 1256 Homerus
968 1195 1051 1278 apud
1063 1197 1226 1259 Latinos.»
1238 1201 1288 1258 Jo-

238 1291 398 1358 vianusex
410 1302 542 1364 persona
554 1282 683 1342 Antonii
694 1283 737 1342 ita
749 1281 905 1344 decernit:
915 1309 933 1347 ,ιι
943 1282 1095 1344 Censebat
1104 1286 1203 1366 igitur
1211 1285 1289 1347 duos

146 1385 148 1392 ’
238 1377 298 1438 hos
319 1377 353 1434 in
368 1369 490 1432 duabus
509 1367 709 1431 nobilissimis
723 1372 840 1454 linguis
859 1373 968 1434 Graeca
982 1375 1186 1455 Romanaque
1205 1396 1289 1436 sum-

237 1487 327 1528 mum
344 1462 413 1545 jure
433 1462 646 1544 principatum
666 1473 785 1539 tenere,
804 1477 835 1524 et
854 1463 986 1524 alterum
1005 1465 1135 1540 Graecae,
1154 1463 1288 1527 alterum

239 1560 390 1640 Romana
411 1553 541 1634 poeticae
563 1573 666 1633 regem
686 1574 763 1613 esse:
786 1552 903 1614 horum
926 1554 1006 1614 dicta
1030 1547 1221 1636 inventaque
1246 1559 1288 1617 lo-

240 1669 334 1721 cum,
356 1645 441 1718 vim,
466 1643 745 1724 auctoritatemque
766 1644 872 1726 legum
894 1643 1036 1704 habere:
1059 1643 1118 1704 hus
1140 1666 1290 1706 veneran-

240 1737 315 1810 dos;
334 1733 392 1793 hos
415 1741 518 1814 patres
537 1735 645 1812 patriae
664 1734 797 1816 publicis
816 1735 1005 1816 privatisque
1024 1732 1202 1794 honoribus
1224 1758 1292 1818 pro·

241 1821 430 1904 sequendos,
446 1819 495 1878 his
508 1821 625 1901 ubique
646 1833 737 1903 atque
757 1823 796 1882 ab
817 1823 963 1883 omnibus
978 1820 1223 1902 assurgendum:
1239 1825 1291 1904 qui

241 1924 352 1972 contra
366 1907 530 1982 sentirent,
544 1906 709 1968 rebellium
727 1923 820 1991 atque
833 1909 972 1970 hostium
984 1912 1017 1969 in
1031 1929 1162 1968 numero
1177 1909 1292 1970 haben·

241 2001 299 2061 dos
321 2019 407 2059 esse:
429 2007 537 2078 atque,
562 2000 609 2057 uti
627 1997 770 2078 subjectis
791 2003 916 2084 populis
938 1999 1206 2083 popularibusque
1228 2000 1293 2060 nul·

240 2091 309 2150 lum
319 2087 384 2169 jus,
397 2085 485 2146 nulla
494 2085 671 2168 jurisdictio
685 2106 764 2150 esset
777 2092 811 2150 in
825 2113 926 2174 reges,
941 2109 1075 2171 quorum
1087 2090 1290 2172 praescriptis,

241 2179 397 2260 imperiis,
412 2173 603 2260 decretisque
616 2194 795 2259 pareretur3
810 2182 853 2240 sic
866 2202 885 2240 a
895 2180 1027 2240 literatis
1042 2175 1210 2254 omnibus,
1224 2200 1291 2259 quae

138 2308 140 2312 .
242 2267 306 2327 duo
321 2265 354 2325 hi
369 2285 456 2346 reges
473 2263 656 2344 decernant,
672 2268 710 2327 iis
724 2265 843 2350 ubique
856 2267 1031 2349 parendum
1044 2285 1123 2324 esse:
1138 2269 1193 2345 qui
1205 2265 1292 2325 aliter

242 2357 385 2430 sentiret,
398 2365 545 2414 contrave
558 2356 695 2430 auderet,
709 2379 790 2438 aqua
802 2371 831 2416 et
844 2359 909 2437 igni
925 2351 1190 2426 interdicendum,
1202 2365 1292 2436 atque

242 2449 278 2507 in
291 2448 359 2506 loca
378 2444 496 2504 deserto
512 2447 801 2521 exterminandum,
817 2445 931 2515 ferisve
945 2444 1155 2526 objiciendum
1178 2457 1293 2504 statue-

174 2531 177 2538 ’
242 2537 307 2596 bat.
320 2561 333 2591 ιι
352 2534 439 2593 Idem
453 2535 603 2594 Jovianus
617 2533 673 2594 lib.
691 2537 704 2594 Ι
720 2535 758 2594 de
772 2538 911 2594 Fortuna
921 2557 934 2592 :·
950 2559 964 2590 ιι
974 2535 1130 2593 Homerus
1145 2554 1183 2592 ac
1193 2535 1293 2614 Virgi-

242 2625 317 2698 lius,
328 2622 391 2681 duo
402 2625 531 2702 poeticae
539 2623 661 2682 duabus
672 2625 705 2683 in
716 2623 832 2704 linguis
841 2623 979 2698 lumina,
992 2623 1030 2682 ab
1042 2623 1151 2681 innato
1162 2619 1295 2701 ejusmo-

244 2715 278 2775 di
291 2713 328 2774 ad
342 2709 534 2796 poetandum
547 2715 666 2794 impetu
674 2759 682 2790 ,
695 2714 727 2772 id
739 2728 870 2795 uterque
884 2714 1039 2774 consecuti
1054 2725 1145 2786 suut,
1157 2724 1194 2771 ut
1206 2715 1232 2771 si
1244 2714 1294 2772 Dii

243 2803 304 2887 ipsi
320 2805 442 2878 Graece,
462 2815 515 2862 aut
528 2804 637 2862 Latine
654 2802 789 2864 heroicis
807 2819 932 2864 cantare
945 2802 1043 2864 velint
1057 2803 1213 2878 numeris,
1231 2823 1295 2862 non

244 2895 307 2954 alia
319 2913 376 2952 nec
387 2913 477 2966 voce,
489 2913 545 2952 nec
558 2905 664 2968 cantu,
678 2915 735 2954 nec
749 2897 903 2970 numeris,
917 2915 976 2954 nec
986 2893 1151 2965 suavitate,
1162 2891 1295 2972 dignita-

246 2997 292 3058 te,
303 2981 536 3064 magnitudine,
551 3005 645 3064 quam
658 2985 772 3065 quibus
784 2983 830 3044 illi
845 2983 997 3044 modulati
1011 2993 1097 3054 sunt,
1112 2995 1271 3042 canerent.
1281 3007 1294 3038 ιι

245 3074 291 3132 Ex
303 3070 360 3132 hac
375 3071 502 3132 fortasse
518 3075 648 3152 paritate
660 3087 784 3149 natum,
798 3086 833 3134 ut
841 3074 990 3156 Virgilius
1003 3071 1125 3131 dicatur
1143 3092 1162 3130 a
1176 3071 1295 3132 Macro·

244 3161 299 3220 bio
311 3164 495 3222 Mantuanus
507 3163 666 3235 Homerus,
681 3174 715 3224 ut
729 3161 770 3222 ab
783 3163 850 3224 aliis
865 3167 1016 3224 Romanus
1027 3163 1184 3220 Homerus.
1195 3159 1296 3220 Incer-

247 3264 297 3308 tus
311 3261 401 3330 poeta
414 3270 450 3308 ex
463 3271 597 3330 persona
606 3251 729 3331 Virgilii
740 3275 747 3326 3
760 3252 830 3312 vide
842 3251 941 3328 infra,
954 3272 1024 3332 pag.
1038 3247 1115 3329 398:

352 3375 496 3426 Maeonium
509 3376 629 3445 quisquis
640 3377 777 3427 Romanus
789 3377 875 3428 nescit
886 3377 1045 3440 Homerum,

389 3454 432 3502 Me
444 3452 527 3522 legat,
541 3467 567 3506 et
577 3455 677 3508 lectum
688 3454 782 3507 credat
793 3469 936 3526 utrumque
949 3453 1008 3506 sibi.

249 3570 388 3633 Juvenal.
407 3572 467 3630 Sat.
491 3575 546 3648 XI,
572 3578 642 3656 178,
663 3574 800 3653 haerens,
823 3578 891 3659 quis
911 3577 1027 3657 major,
1044 3587 1074 3636 et
1089 3573 1188 3636 veluti
1209 3599 1296 3661 pares

248 3663 380 3734 faciens,
395 3659 513 3721 dubiam
523 3661 654 3744 palmam
666 3665 761 3726 dixit:
776 3678 777 3686 ’
883 3660 886 3666 ’

355 3782 485 3836 Conditor
497 3787 596 3840 Iliados
608 3791 773 3858 cantabitur,
786 3777 866 3861 atque
877 3792 996 3844 Maronis

356 3865 470 3918 Altisoni
483 3867 591 3920 dubiam
602 3871 730 3924 facientia
742 3873 861 3924 carmina
872 3871 998 3944 palmam.

245 3985 367 4048 'Coelius
377 3987 471 4047 etiam
478 3985 612 4052 lib.VIl:
625 4015 639 4047 ιι
652 3994 684 4054 in'
696 3995 808 4056 nostris
818 3993 916 4057 literis
925 3995 1090 4058 Maronem
1102 4013 1301 4073 veneramur,
