2720 4588
284 345 336 407 IN
360 342 595 434 AENEIDOS
619 344 711 408 le.
738 399 746 408 .
775 347 823 409 ll.
1012 343 1074 411 213

33 465 189 548 Principes
203 469 348 542 Latinus,
371 479 461 546 atque
474 467 596 540 AEneas,
619 471 745 526 conuersi
780 471 885 542 anina,
901 469 1023 542 oculos,
1038 468 1077 527 ad

33 569 194 635 eumenem
207 553 320 627 Solem,
334 557 501 614 orientem:
516 554 601 627 dant,
615 552 753 616 fundunt
767 577 833 614 mut.
842 559 848 592 ·'
854 556 1009 639 'russrupes
1022 555 1077 616 sal-

33 664 84 714 sas,
99 659 237 719 tostum,
254 659 284 704 et
299 645 362 705 sale
374 647 515 716 mistum,
530 658 561 703 et
576 644 721 704 molitum
734 668 740 702 :
763 644 822 704 hoc
834 649 919 706 enim
933 663 992 721 est,
1007 647 1079 706 dant

29 731 120 811 fruces
132 729 244 804 sabas,
265 732 296 790 id
314 746 373 806 est,
391 745 541 814 spargunt
556 731 644 791 salsis
660 732 813 812 frugibus,
836 737 963 794 Latinus
977 756 1077 808 sucrn,

33 819 135 878 AEneas
147 841 253 878 ovem.
268 821 341 880 Haec
353 833 397 902 est
408 823 509 902 prima
521 821 666 902 probatio
681 822 832 880 victimae:
848 823 942 882 altera
955 847 961 881 :
975 834 1079 883 notant

29 905 101 986 ferro
112 929 236 967 summa
247 923 373 989 tempora
386 908 527 989 pecudum
534 953 543 982 ,
560 909 631 989 quia
647 899 788 967 videlicet
800 908 932 968 cultrum
947 932 964 968 a
976 911 1078 969 fronte

34 992 187 1055 ducebant
206 1017 307 1078 usque
323 996 362 1054 ad
377 997 527 1057 caudam:
549 999 655 1071 tertia,
673 999 834 1078 paterisque
849 1001 954 1057 altaria
971 998 1078 1070 libanu
1105 1061 1106 1064 ,

35 1102 101 1141 uam
113 1084 238 1143 scilicet
253 1087 326 1143 vino
341 1084 411 1144 fuso
424 1106 441 1144 e
454 1086 566 1166 pateris
579 1085 686 1143 altaria
702 1085 912 1164 tingebantur.
929 1085 979 1142 Est
995 1085 1079 1142 enim

36 1167 133 1246 libant,
159 1175 326 1254 intingunt
344 1173 451 1234 leviter
472 1175 580 1232 altaria
601 1175 674 1231 vino
693 1187 879 1254 paterarum.
905 1172 981 1230 Aliae
998 1191 1080 1254 quae·

36 1259 110 1335 piam
124 1259 355 1342 explicationes
368 1276 551 1321 monstrosae
565 1275 647 1320 sunt.

72 1347 133 1426 175.
155 1350 173 1406 J
178 1361 250 1406 urat
265 1349 353 1430 prior
367 1350 491 1424 AEneas,
510 1362 544 1408 ut
559 1348 667 1408 avidus
680 1347 744 1429 jam
759 1369 886 1429 pugna,
903 1361 937 1406 ut
951 1345 1081 1428 cupidus

36 1430 167 1493 feriundi
183 1437 283 1516 pacti3
304 1449 334 1494 et
351 1439 447 1496 stricto
463 1457 528 1496 ense
545 1458 580 1496 ex
596 1437 698 1496 forma
715 1451 744 1495 et
757 1446 843 1496 more
851 1435 1034 1517 juramenti,
1050 1447 1081 1492 et

37 1523 103 1598 pius,
121 1528 202 1607 quia
215 1529 247 1584 in
259 1523 436 1606 juramento
451 1525 512 1586 hoc
524 1526 685 1608 religiosus
699 1527 869 1586 inducitur.

73 1616 134 1694 176.
147 1615 257 1673 Primo
267 1614 370 1675 Solem
383 1614 530 1688 advocat,
544 1619 616 1695 quia
628 1617 666 1673 ad
679 1615 767 1680 illum
778 1636 957 1675 conversus:
969 1612 1081 1673 deinde

38 1702 152 1779 lovem,
167 1707 246 1786 quia
258 1705 402 1764 omnium
414 1709 540 1765 Poterat
551 1706 748 1784 omnipotens:
761 1709 852 1764 tertio
864 1709 1036 1778 lunonem,
1047 1715 1081 1761 ut

37 1788 92 1866 jam
102 1794 220 1854 deinde
230 1792 346 1868 melior,
360 1793 461 1866 idest,
474 1793 643 1866 faventior,
658 1815 752 1873 quam
763 1792 924 1866 hactenus3
939 1807 969 1853 et
979 1794 1081 1868 addit,
1124 1864 1126 1867 .

34 1875 90 1958 jam
107 1887 204 1957 Diua,
226 1904 340 1965 precor,
361 1898 395 1944 ut
414 1886 513 1963 magis
528 1882 658 1943 deliniat
673 1883 819 1943 hostilem
831 1885 948 1943 Deam:
969 1898 1080 1964 quarto

39 1969 178 2048 Martem,
194 1994 267 2031 nam
281 1975 366 2032 Deus
378 1972 552 2047 bellorum,
566 1986 596 2031 et
611 1971 671 2032 sihi
683 1973 865 2032 bellandum
878 1996 945 2034 cum
959 1977 1081 2048 Turn03

10 2127 11 2130 Ἴ
41 2073 80 2116 est
95 2073 223 2142 toruum,
242 2062 337 2140 regis3
354 2061 406 2120 sed
424 2075 549 2140 torques,
566 2063 638 2140 quia
657 2063 689 2119 in
711 2061 794 2121 bello
809 2064 839 2120 vi
857 2065 962 2122 omnia
981 2061 1080 2122 liunt:

10 2145 11 2160 *
42 2150 144 2225 quinto
156 2151 260 2233 fontes
278 2149 442 2231 ctflrmios‚
464 2148 644 2224 commode,
666 2150 738 2229 quia
758 2151 849 2208 initio
869 2150 1082 2211 admonitusa

40 2232 191 2313 Tyberino
204 2260 211 2296 z
224 2250 311 2297 sexto
322 2250 418 2296 totam
433 2236 501 2306 caeli
512 2237 710 2318 religionem,
725 2249 760 2294 ut
772 2250 845 2316 post
857 2237 1024 2316 specialem
1037 2239 1082 2295 in·

41 2329 247 2400 vocationem,
267 2327 437 2406 generatim
450 2326 532 2384 Deos
548 2344 656 2384 omnes
671 2321 812 2382 includat
824 2345 830 2379 :
844 2327 975 2404 septimo
988 2325 1081 2382 maris

12 2485 13 2498 χ
41 2409 125 2488 Deos,
137 2415 270 2474 fortasse
284 2429 412 2495 propter
424 2429 571 2489 matrem,
585 2431 654 2493 quae
669 2413 701 2469 in
715 2411 807 2469 undis
820 2414 902 2468 nata.

78 2502 139 2563 183.
159 2503 247 2580 Quid
266 2504 393 2564 tandem
413 2517 484 2584 post
500 2503 629 2582 longam
646 2497 895 2560 invocationem?
916 2499 945 2556 Si
957 2500 1081 2558 Turnus

13 2645 14 2656 2
43 2587 131 2648 victor
144 2591 257 2665 fuerit,
278 2590 435 2650 discedam
454 2591 492 2650 ad
511 2589 708 2664 Evandrum,
727 2603 757 2647 et
775 2607 839 2647 una
858 2607 979 2646 mecum
996 2587 1081 2645 lalus

13 2669 14 2726 ἶ
44 2671 131 2753 filius,
151 2701 318 2760 nunquam
336 2682 370 2738 in
387 2691 544 2762 posterum
565 2676 803 2750 rebellabimus3
826 2677 938 2751 immo,
960 2673 1081 2734 nullam

44 2839 535 2914 utiquenuacSolemsurgenterndixiu
582 2854 637 2902 cat;
651 2841 684 2894 ad
698 2853 722 2892 te
736 2839 842 2901 redeas,
855 2849 881 2889 et
893 2849 918 2888 te
933 2837 1011 2888 deam
1023 2853 1080 2886 esse

42 2917 536 2988 jamdudumeuimdieserat,seddis·
582 2917 971 2987 memineris,cujusproprium
981 2927 1081 2964 estnon
1117 2957 1120 2962 .
1190 2923 1194 2931 “

45 2998 162 3067 ciplinnm
189 3005 401 3054 cerimoniarum
430 3015 536 3054 secutus
582 3019 687 3053 nocere.
699 2993 1080 3064 Turneb.-InclyteMuuors.

45 3091 90 3143 0⁵1,
106 3096 135 3133 ut
148 3083 287 3135 Orientem
301 3095 422 3154 spectare
438 3082 538 3134 diceret
582 3085 652 3134 Bene
663 3080 765 3134 induxit
775 3079 889 3130 Martem
897 3087 992 3146 poeta,
1003 3093 1082 3144 quern

45 3173 96 3210 eum
107 3165 153 3233 qui
167 3177 238 3216 esset
250 3176 416 3234 precaturus.
431 3164 501 3214 Serv.
584 3164 633 3232 scit
645 3165 769 3214 Romana
780 3159 869 3228 stirpis
880 3167 1025 3206 auctorem.
1037 3154 1063 3205 S.

77 3258 131 3312 179.
151 3245 214 3295 Jam
238 3244 343 3309 melior,
361 3247 436 3316 jam,
461 3243 537 3306 diva,
623 3242 678 3292 181.
697 3242 840 3310 Famesque
845 3234 995 3312 fluuiosque
1011 3253 1080 3285 voco.

45 3335 132 3385 precor.
152 3325 193 3376 Ac
210 3327 233 3376 si
249 3325 363 3386 diceret,
382 3342 436 3374 non
449 3321 540 3376 Satur·
585 3321 781 3392 Congruenter,
805 3333 887 3385 quum
911 3332 927 3364 a
949 3312 1082 3384 Tyberino
1122 3347 1128 3359 .

47 3401 97 3466 ⁰5³,
120 3405 148 3457 ld
165 3418 220 3472 est,
239 3407 294 3474 jam
314 3406 422 3456 minime
438 3421 539 3458 nocens
585 3399 691 3452 llumine
704 3401 738 3449 sit
752 3394 917 3455 admonitus,
933 3410 990 3462 quae
1005 3411 1084 3464 agere

47 3493 68 3530 et
84 3484 206 3554 Trojanis
225 3487 366 3556 propitia:
386 3497 431 3536 aut
449 3483 542 3536 melior
585 3477 702 3531 deberet.
721 3478 790 3528 Serv.
809 3501 841 3512 --
857 3472 969 3543 Quoeque
986 3471 1085 3526 oetlreris

47 3577 93 3612 non
106 3568 238 3635 optantis,
254 3565 301 3618 sed
316 3564 480 3618 adfirmantis
497 3583 540 3616 ac·
584 3559 634 3610 alti
646 3557 766 3628 Belliqio.
784 3556 846 3604 Post
858 3552 984 3624 specialia
996 3553 1085 3606 intulit

48 3641 184 3710 ripiamus:
199 3647 288 3716 potuit
305 3647 375 3697 enim
392 3645 539 3717 intelligere
585 3637 802 3710 generalitatem:
818 3651 882 3684 sane
895 3631 985 3703 reliqio
998 3630 1083 3697 dicta,

48 3721 126 3774 minus
136 3742 163 3776 se
174 3726 327 3796 impugnari
338 3743 353 3776 a
363 3725 482 3789 lunone,
494 3725 540 3793 qui
586 3718 659 3791 quod
668 3716 826 3770 cahomines
834 3713 980 3786 religamur
988 3712 1086 3764 adcul-

48 3800 141 3854 vicerat
157 3805 208 3857 bis.
226 3806 296 3856 Seru.
312 3833 346 3843 -
360 3807 421 3858 Jam
440 3801 539 3854 melior.
585 3812 642 3850 tum
653 3797 780 3848 divinum.
793 3795 906 3846 Seru-
915 3790 1028 3843 AEtlteris
1037 3791 1086 3843 atti

49 3879 173 3946 Quoniam
185 3887 257 3940 luno
272 3887 369 3938 infesta
381 3898 439 3937 erat
448 3885 542 3954 Troja-
585 3876 706 3948 llelliyio.
717 3873 746 3925 ld
759 3885 813 3937 est,
823 3873 879 3936 Dii,
891 3872 936 3940 qui
948 3871 976 3920 in
988 3868 1084 3922 ethere

50 3960 398 4032 nis,precaturutanimum
408 3974 543 4028 mutet,et
588 3956 730 4008 coluntur:
754 3951 844 4003 divina
860 3947 1034 4022 paraphrasi,
1056 3961 1085 3999 ut
1134 4008 1140 4020 .

50 4035 161 4110 Trojanis
172 4043 247 4098 bonu
257 4061 314 4097 esse
326 4043 405 4096 velit:
418 4045 495 4114 quasi
504 4041 544 4094 di·
588 4037 625 4090 ait
636 4033 760 4105 Scaliger.
780 4029 888 4084 Taubm.
