2704 4582
249 325 308 368 110
571 289 950 356 GOMMENTARIA

243 421 357 504 clypeis
376 429 467 495 atque
487 410 628 472 ensibus:
653 414 774 472 inerant
793 414 1019 494 quinquaginta
1041 433 1114 486 ora,
1138 414 1325 493 quinqua-

244 516 331 594 ginta
341 520 484 588 pectora3
499 503 613 583 quibus
623 501 746 574 oribus,
761 499 874 581 quibus
882 497 1062 584 pectoribus
1075 504 1187 584 ignem
1202 505 1323 583 spira-

242 603 297 661 bat
311 597 454 679 adversus
466 594 593 665 Jovem,
616 591 762 650 adversus
778 589 1042 652 fulmina.Talem
1060 607 1139 673 puta
1153 595 1295 651 AEnean
1314 616 1321 648 :

243 689 403 750 videbatur
422 685 505 744 enim
523 683 679 741 dimicare
690 681 835 741 adversus
851 685 978 743 Latinos
995 684 1144 742 manibus
1167 697 1203 742 et
1231 683 1321 741 bra-

244 780 321 840 chiis
333 790 458 836 centum
473 796 479 831 :
496 771 572 832 adeo
587 771 639 830 ille
653 770 822 830 indefessus
835 784 864 831 et
875 774 1016 852 ἀκάματοςέ
1033 773 1090 832 Sed
1104 772 1187 853 quid
1203 772 1323 845 illud,

244 881 278 928 ut
291 859 378 924 semel
394 862 514 941 intepuit
531 864 653 918 mucro?
668 871 745 939 puto
763 856 845 918 hanc
860 879 925 918 esse
939 862 1147 918 sententiam:
1165 873 1207 918 ut
1224 858 1323 917 vidit

244 972 428 1014 mucronem
448 969 539 1009 suum
562 963 714 1028 tepentem
735 948 903 1027 sanguine,
926 946 958 1006 id
979 963 1039 1020 est,
1061 947 1323 1022 madefactum,

244 1063 311 1106 tum
322 1062 429 1104 cruore
439 1043 506 1128 ipsq
517 1040 667 1098 excitatus
678 1037 811 1116 majores
823 1037 932 1098 edebat
941 1052 1071 1118 strages,
1083 1059 1118 1097 ac
1127 1058 1188 1118 per
1200 1052 1321 1096 totam

242 1137 342 1196 aciem
354 1132 451 1190 victor
462 1127 647 1188 deseviebat:
665 1125 724 1186 hoc
736 1147 809 1185 sane
821 1126 890 1186 loco
908 1127 942 1186 de
957 1142 1051 1206 suget
1068 1125 1320 1207 significatum.

242 1222 335 1286 Nolui
354 1231 476 1302 poetam
497 1215 689 1298 expendere:
717 1236 791 1276 nam
815 1193 884 1296 duis
905 1228 1088 1296 assequatur
1108 1215 1319 1276 altissimam

242 1309 385 1375 Musam?
405 1323 527 1370 tantum
544 1319 619 1366 nota
632 1305 779 1366 decorum
795 1319 896 1386 poetae
910 1303 1044 1366 videntis
1062 1307 1175 1364 omnia
1189 1329 1207 1362 :¹
1220 1327 1320 1364 nun-

220 1473 221 1476 ,
243 1421 337 1482 quam
359 1407 518 1476 comparat
539 1395 677 1466 AEnean,
707 1395 760 1473 qui
780 1394 956 1473 Augustum
978 1407 1203 1474 repraesentat,
1233 1419 1320 1456 curn

242 1493 349 1566 leone,
369 1484 498 1566 tigride,
518 1498 571 1556 aut
586 1482 654 1542 aliis
668 1482 740 1542 feris
755 1483 946 1542 immanibus
966 1496 996 1541 et
1011 1482 1228 1543 truculentis:
1254 1486 1320 1548 has

244 1569 361 1661 quippe
376 1575 482 1632 'furno
497 1582 613 1644 servat,
633 1571 803 1644 Mezentio,
818 1569 904 1628 aliis:
925 1567 1009 1652 quod
1028 1570 1153 1651 quoties
1171 1575 1319 1653 cogito,

245 1667 395 1726 admiror.
985 1673 989 1681 “

295 1753 362 1832 570.
384 1749 507 1808 Miraris
519 1746 558 1806 ad
571 1745 708 1806 furorem
721 1746 843 1806 AEneae?
864 1745 916 1807 sed
929 1767 996 1806 ecce
1008 1745 1108 1827 majus
1126 1749 1315 1829 quidpiam

245 1854 338 1919 atque
350 1835 535 1894 insolentius
549 1857 556 1892 ι
572 1835 643 1913 equi
656 1832 804 1914 Nypbaei,
819 1848 854 1892 ut
865 1834 970 1893 videre
982 1833 1071 1894 illum
1085 1855 1144 1914 per
1157 1835 1316 1895 mediam

246 1931 345 1988 aciem
357 1924 567 2006 gradientem,
580 1943 614 1982 ac
628 1923 693 1982 dira
708 1925 874 1984 adversum
886 1926 995 1984 omnes
1008 1922 1238 1984 infrementem
1251 1971 1261 1999 ,
1278 1949 1316 1986 ac

245 2020 272 2078 si
282 2027 383 2076 essent
392 2013 512 2072 ratione
522 2011 662 2092 praediti,
677 2014 755 2070 versi
770 2015 872 2072 statim
884 2014 916 2072 in
929 2011 1034 2092 fugam
1045 2025 1135 2086 sunt,
1153 2012 1315 2094 Nypbaeo

245 2123 369 2166 excusso
380 2122 397 2159 a
409 2101 549 2160 curribus
562 2121 568 2156 ε
585 2100 689 2180 itaque
699 2101 769 2180 equi
784 2121 938 2178 agnovere
951 2098 1049 2157 divini
1062 2100 1124 2156 viri
1139 2102 1315 2161 virtutem.

286 2191 353 2273 575.
375 2187 504 2248 Orditur
524 2201 613 2268 poeta
636 2189 748 2266 Lucagi
769 2200 797 2245 et
816 2188 934 2266 Ligeris
952 2185 1083 2244 fratrum
1107 2183 1315 2245 historiam:

245 2278 417 2340 vehebatur
428 2289 559 2355 uterque
574 2272 683 2333 eodem
697 2294 789 2332 curru
802 2271 928 2354 bijug03
949 2272 1027 2332 dant
1042 2291 1074 2330 se
1092 2269 1132 2330 ad
1151 2293 1315 2352 pugnarn

246 2373 278 2430 in
294 2367 431 2433 medium
448 2365 552 2445 campi
570 2377 678 2424 contra
692 2364 836 2435 AEneam3
859 2361 918 2420 hoc
935 2361 1131 2434 discrimine,
1155 2375 1193 2418 ut
1208 2363 1316 2442 Liger

246 2463 452 2542 aurigaretur,
471 2457 610 2534 Lucagus
627 2474 699 2512 ense
715 2466 887 2534 pugnaret:
911 2453 936 2510 it
953 2450 1015 2510 illis
1034 2451 1146 2508 AEneas
1166 2451 1315 2510 obviam

247 2573 312 2612 non
331 2547 431 2608 ferens
452 2543 580 2604 illorum
599 2542 753 2602 ardorem.
780 2539 949 2622 Applaudit
968 2553 1058 2619 poete
1076 2541 1171 2598 tacite
1191 2543 1317 2602 virtuti

250 2639 366 2707 AEneae,
381 2633 436 2713 qui
449 2651 547 2703 unus,
567 2643 599 2688 et
610 2627 722 2708 pedes,
741 2630 774 2686 in
787 2627 883 2702 duos,
901 2628 997 2705 etqui
1015 2627 1047 2684 in
1063 2645 1176 2684 curru:
1192 2624 1269 2706 jam
1287 2633 1314 2688 si

248 2724 400 2807 expendas
414 2719 509 2794 illud,
524 2719 697 2800 adversaque
709 2722 810 2799 inqens
821 2718 957 2798 apperuit
966 2715 1064 2788 frusta,
1079 2713 1206 2775 videbis
1221 2717 1315 2777 nibil

249 2817 311 2876 dici
324 2833 412 2896 posse
421 2834 611 2892 τραγικωτερον.

291 2907 357 2966 580.
372 2903 464 2981 Liger
476 2895 717 2958 insultabundus
732 2901 775 2958 ait
786 2898 825 2957 ad
837 2898 980 2971 AEneam,
996 2916 1058 2955 non
1075 2893 1123 2952 illi
1138 2907 1316 2958 certamen

248 3081 273 3120 et
289 3065 410 3118 briareus
428 3059 537 3122 dicitur,
557 3056 613 3108 caeli
628 3069 653 3108 et
671 3069 746 3108 terrae
793 3055 919 3108 adversus
930 3057 986 3126 ipse
995 3072 1053 3104 num
1062 3051 1141 3104 hasta
1154 3059 1313 3122 apparuit:

247 3141 520 3200 filius-Aliihuncex
535 3151 606 3188 terra
623 3149 647 3188 et
662 3149 748 3206 ponto¹
793 3149 819 3188 et
839 3135 908 3188 bene
928 3135 1015 3206 inqens
1037 3133 1124 3197 visus,
1148 3149 1236 3201 quum
1261 3137 1316 3188 ad-

248 3239 339 3276 natum
350 3222 455 3284 dicunt,
465 3215 613 3290 quihabuit
622 3214 714 3266 Coeum
722 3227 748 3268 et
792 3233 868 3266 versa
876 3215 954 3266 hasta
962 3215 1116 3263 minaretur.
1128 3211 1202 3262 Serv.
1212 3243 1251 3250 -—
1260 3216 1316 3265 In·

248 3307 331 3375 Gigen
343 3303 447 3350 fratres.
468 3299 516 3348 liin
532 3306 626 3346 contra
639 3295 747 3344 Titanas
791 3313 861 3367 qens.
874 3295 912 3346 Ex
923 3311 997 3344 more
1010 3291 1171 3360 Epicurum,
1186 3293 1315 3360 quisuis

248 3384 308 3434 Jovi
321 3378 437 3430 adfuisse
450 3375 561 3441 dicitur,
578 3373 634 3437 vel,
648 3385 678 3424 ut
690 3375 748 3443 qui·
793 3370 1316 3444 lleroibussemperattribuuntmagni.

251 3462 313 3513 dam
324 3459 432 3519 volunt,
443 3456 566 3506 Saturno.
579 3455 648 3504 Serv,
794 3452 913 3504 tudinem
922 3450 1131 3522 corporis-Talis
1140 3449 1314 3520 bicAEneas,

286 3539 345 3608 569.
360 3535 410 3588 Sic.
433 3535 468 3583 Ut
480 3552 534 3584 non
546 3552 628 3584 uuam
641 3551 749 3584 manum
794 3531 854 3582 talis
878 3533 996 3596 Turnus,
1019 3531 1065 3598 qni
1091 3542 1174 3580 utoto
1201 3535 1315 3584 vertice

186 3670 189 3678 ,
249 3633 376 3694 putares;
396 3631 511 3682 namque
523 3611 557 3663 ad
573 3612 624 3664 boc
634 3614 750 3682 pertinet
795 3629 876 3679 supra
889 3622 961 3672 est»
980 3607 1051 3660 Talis
1065 3607 1139 3679 apud
1153 3612 1314 3664 Homerum

250 3696 429 3769 comparatio,
449 3704 478 3742 ut
495 3692 672 3762 intelligamus
690 3711 750 3750 eura
795 3688 1234 3758 Ajax‚Achiiles„Agamemnon,
1248 3692 1315 3742 ld0.

180 3831 183 3838 ,
251 3773 430 3832 multitudinis
439 3772 496 3825 vice
505 3771 655 3824 dimicasse.
669 3771 751 3842 Desce-
795 3786 917 3832 maneus,
930 3780 956 3819 et
969 3767 1059 3838 plures
1073 3767 1128 3819 alii.

253 3861 290 3912 vit
310 3867 399 3908 autem
419 3851 461 3906 hie
484 3851 559 3902 valde
579 3850 663 3910 savin
685 3850 749 3902 alias
831 3849 890 3898 580.
915 3847 963 3900 Cui
985 3848 1068 3918 Liqer.
1090 3847 1223 3913 Quamvis
1250 3872 1312 3904 non

251 3939 338 3992 sevire
349 3933 428 3984 desiit.
442 3931 513 3982 Serv.
795 3947 889 3998 purum
906 3929 1052 3980 venustatis
1064 3940 1090 3978 et
1103 3929 1251 4000 elegantias
1271 3937 1313 3986 vi-

288 4009 749 4084 579.Advenaquein9ens.Hocest,
796 4006 891 4060 deatur
913 4007 1014 4062 habere
1035 4006 1117 4058 lectio
1139 4009 1247 4078 absque
1277 4032 1313 4062 en
