2726 4592
209 302 273 390 314
389 312 424 374 P.
448 311 678 378 VIRGlLll
702 313 936 382 Mauouls
958 317 1077 383 VITA

638 477 679 542 U.
695 481 731 546 C.
749 485 822 571 724.
1089 446 1093 452 ἱ

353 623 461 691 Cesar
472 627 662 696 Octavianus
676 629 747 696 JV:
759 632 804 697 M.
818 633 956 700 Licinius
969 633 1106 700 Cratetis.

500 735 542 799 A.
557 735 591 802 C.
607 737 657 804 30.
675 737 710 802 V
706 737 804 829 irqilii
814 743 954 822 40-41.

1347 773 1357 858 i

249 895 438 982 caesapon
447 903 602 966 Actiacam
611 927 763 990 pugnam,
774 929 873 990 quum
882 907 1010 970 Samum
1020 907 1157 970 insulam
1166 907 1201 966 in
1209 903 1255 965 hi·
1356 891 1357 916 ³

207 979 305 1043 berna
324 1006 355 1046 se
374 994 548 1072 recepisset,
568 997 711 1057 turbatus
729 999 851 1060 nuntiis
868 998 911 1060 de
926 997 1082 1060 seditione
1100 995 1256 1068 militum,
1356 1005 1357 1008 ’

208 1089 287 1150 quos
301 1076 442 1139 confecta
453 1082 581 1143 victoria
595 1085 795 1148 Brundisium
808 1089 1014 1170 praemiserat,
1032 1085 1136 1146 media
1152 1083 1255 1144 hieme

206 1162 320 1240 repetit
337 1165 473 1243 ltaliam,
492 1184 671 1254 tempestate
691 1176 725 1234 in
747 1173 877 1256 trajectu
897 1176 946 1238 bis
967 1175 1182 1238 conflictatus:
1199 1190 1256 1230 nec

207 1249 341 1330 amplius
362 1276 458 1336 quam
474 1261 589 1322 XXVII
610 1264 674 1324 dies
693 1265 851 1326 Brundisii
869 1277 1078 1327 commoratus
1096 1265 1132 1324 in
1148 1262 1255 1321 Asiam

206 1340 378 1400 revertitur.
405 1343 482 1406 lnde
503 1351 611 1430 spretis
632 1353 814 1413 Antoniiet
834 1353 1007 1437 Cleopatra
1026 1350 1257 1435 legationibus,

207 1422 373 1508 AEgyptum
384 1435 474 1513 petit,
485 1435 880 1520 obsessaqnerllexandria,
891 1463 954 1526 quo
963 1444 1117 1507 Antonius
1127 1455 1159 1502 et
1167 1439 1257 1500 Cleo·

133 1565 135 1577 ,
206 1525 294 1590 patra
308 1517 530 1603 confugerant,
543 1527 630 1588 brevi
643 1531 761 1612 potitus
774 1524 844 1594 est>

248 1601 356 1685 ltaque
365 1615 504 1675 narratio
515 1616 569 1677 illa
577 1619 697 1680 Donati
707 1621 819 1684 invita
828 1621 952 1705 Virgilii
960 1625 984 1704 5.
992 1621 1042 1698 42,
1052 1621 1091 1683 de
1099 1623 1256 1706 praelectis

207 1687 323 1753 Gaesari
334 1697 445 1761 Atellae
452 1701 655 1768 decumbenti
666 1709 825 1792 Georgicis
838 1712 960 1774 nullam
972 1709 1068 1772 fidem
1077 1708 1183 1771 habet.

245 1783 379 1866 AEgypw
389 1791 422 1850 in
436 1797 608 1874 provinciae
620 1797 757 1860 formam
770 1801 902 1864 redacta
914 1801 1097 1864 Cornelium
1109 1803 1256 1880 Gallum,

209 1871 346 1949 equitem
364 1878 400 1936 R.
413 1881 600 1946 Praefectum
617 1887 717 1964 dedit3
734 1889 773 1951 de
786 1912 850 1973 quo
863 1911 893 1953 v.
909 1891 948 1952 ad
959 1891 1027 1952 Eol.
1042 1893 1070 1951 ll
1083 1907 1114 1952 ct
1127 1893 1183 1970 Vl,
1204 1890 1255 1966 64.

207 1977 257 2037 72.
271 1960 440 2028 Fontanini
458 1969 531 2034 hist.
547 1974 607 2037 litt.
619 1979 753 2060 Aquilai.
768 2003 799 2062 p.
817 1983 862 2058 14.
879 1983 924 2042 15.
940 1981 1054 2042 Fuerat
1064 1979 1160 2062 hujus
1170 1981 1256 2042 Galli
1294 2009 1300 2022 ·

207 2046 339 2194 {ppignis
353 2075 448 2207 opegra
461 2059 495 2120 in
504 2063 637 2146 AEgypto
650 2068 846 2149 recipienda:
861 2089 891 2128 v.
901 2069 963 2129 Dio
975 2069 1032 2145 LI,
1046 2091 1081 2151 93
1095 2069 1255 2131 Plutarch.

270 2157 321 2198 ⁰¹¹·
333 2162 365 2224 P·
380 2165 400 2224 9
421 2167 449 2207 ²·
1131 2187 1133 2192 ’

248 2227 363 2308 Caesar,
379 2237 472 2300 rebus
484 2243 610 2324 AEgypti
622 2247 814 2324 constitutis,
827 2249 1018 2330 perSyriam,
1033 2250 1065 2308 in
1075 2247 1181 2308 Asiam
1188 2269 1256 2330 pro-
1356 2261 1357 2296 ³

206 2316 333 2380 vinciam
342 2327 500 2408 profectus,
515 2331 635 2395 hiberna
646 2335 687 2396 iti
698 2341 770 2418 epit,
780 2336 923 2420 simulque
931 2337 1145 2400 atsubditorum
1154 2342 1255 2400 omnia

207 2410 325 2486 oeqotta
334 2425 364 2472 et
374 2415 515 2480 Pordaca
530 2428 699 2506 composuit.
714 2429 762 2486 lta
773 2427 899 2504 Diabl,
913 2428 948 2502 85
962 2427 1089 2487 Sueton.
1103 2427 1183 2509 hug.
1201 2428 1254 2502 26,
1356 2431 1357 2504 ξ

206 2509 345 2574 quartum
361 2507 545 2572 coactatur
565 2515 597 2572 in
610 2517 699 2592 Asia,
716 2521 852 2600 quinatm
869 2521 901 2579 in
915 2515 1012 2578 insula
1024 2521 1164 2594 Samo,...
1178 2520 1255 2579 iniit.

206 2579 274 2642 Nisi
285 2586 410 2653 Sueton.
427 2597 548 2660 inverso
566 2599 631 2662 haec
642 2608 793 2667 narravit.
808 2605 960 2666 Tiridates
971 2625 1068 2686 regno
1086 2628 1103 2667 a
1118 2606 1255 2667 Phraate
1356 2605 1357 2614 ’

207 2667 319 2748 PPlWS
332 2675 365 2756 iu
377 2681 501 2762 Syriam
509 2688 708 2771 ¹confugeram
722 2705 767 2769 st,
782 2707 819 2753 ut
830 2695 934 2756 Caesar
947 2713 981 2754 se
992 2695 1143 2754 Romanis
1154 2696 1254 2778 copiis
1356 2733 1357 2738 κ

206 2759 396 2843 restitueret,
404 2773 617 2856 supplicabat,
630 2799 727 2860 quum
739 2783 858 2843 interea
865 2782 958 2864 legati
964 2780 1123 2843 aPlrraate
1129 2785 1215 2844 missi
1224 2797 1255 2844 et

208 2932 215 2944 .
233 2843 377 2914 ir'idatem
393 2856 455 2918 sibi
471 2864 558 2926 reddi
577 2866 785 2949 postularent,
802 2884 833 2930 et
851 2871 1020 2930 amicitiam
1044 2890 1118 2931 cum
1135 2871 1254 2942 Caesare
1356 2943 1357 2948 η

201 2953 380 3035 Jungerent.
387 2947 487 3010 Caesar
494 2956 620 3037 utrique
629 2957 981 3040 comiterrespondit,et
990 2956 1252 3034 Phraatisfilium,
1356 2981 1357 3018 i

204 3041 268 3084 s1ve
281 3047 299 3086 a
312 3030 461 3115 Phraate,
472 3042 535 3102 sive
553 3065 570 3102 a
585 3043 721 3106 Tiridate
734 3063 915 3129 acceptum,
931 3049 1064 3107 Romam
1077 3067 1186 3110 secum
1197 3049 1252 3110 ab·
1356 3119 1357 3122 Ἴ

204 3111 311 3194 duxit,
327 3137 359 3184 et
368 3145 428 3207 pro
440 3130 550 3192 obside
563 3130 692 3209 habuit3
702 3135 765 3196 vid.
780 3137 842 3198 Dio
857 3135 878 3198 l.
890 3137 912 3197 l.

244 3203 315 3264 lam
331 3208 393 3273 hoc
413 3237 497 3280 anno
519 3218 664 3283 ultimam
674 3223 840 3308 Georgicis
852 3246 983 3286 manum
998 3223 1174 3286 adhibitam
1189 3247 1252 3288 esse

204 3287 340 3370 vulgaris
356 3313 401 3362 est
417 3309 543 3388 opinio,
564 3311 660 3392 inque
680 3332 749 3373 eam
772 3316 959 3376 sententiam
977 3333 1084 3375 versus
1103 3313 1180 3376 libri
1193 3317 1250 3392 lV,
1356 3307 1357 3322 ³

204 3389 282 3438 extr.
296 3381 542 3470 interpretantur
562 3399 626 3460 viri⁴
644 3394 728 3462 docti
741 3423 747 3460 :
762 3419 792 3464 v.
807 3403 945 3464 Masson.
961 3403 995 3460 in
1016 3402 1099 3463 lano
1114 3417 1250 3466 runata

204 3463 263 3540 fflr
279 3467 313 3546 5,
332 3475 368 3550 θ’,
383 3499 440 3542 nec
459 3499 567 3548 tamen
579 3491 639 3564 sic,
655 3504 692 3552 ut
706 3493 815 3559 omnia
833 3491 907 3552 satis
921 3489 1106 3572 expediant:
1127 3489 1252 3554 “Cesar

205 3548 281 3612 dum
291 3577 424 3644 magnus
437 3571 476 3632 ad
489 3574 759 3640 alamanniam
769 3576 1075 3664 Euphratembello,
1088 3581 1250 3662 victorqare

202 3641 340 3708 volentes
360 3655 418 3716 Per
438 3664 574 3745 populos
595 3666 649 3728 dat
668 3667 754 3752 jura,
774 3672 920 3752 viamque
934 3665 1062 3728 affectat
1074 3653 1221 3752 Olympo.
1233 3697 1248 3729 a
1356 3695 1357 3698 ¹

202 3730 257 3790 ¹3⁵²
269 3737 399 3814 quidem
413 3748 440 3806 ia
453 3766 618 3830 poetarum
631 3758 739 3818 saculi
750 3759 901 3838 Augustei
911 3769 1081 3839 perpetuus
1096 3771 1165 3820 taos
1174 3805 1184 3836 ,
1197 3773 1249 3834 ut,

204 3841 396 3907 quamquam
423 3838 504 3900 nihil
529 3845 701 3924 Augustus,
729 3847 815 3929 quod
844 3845 1017 3909 admodum
1043 3846 1250 3910 memorabile

201 3922 292 4006 esset,
307 3914 454 3986 aduersus
474 3928 607 3992 Parthos
624 3938 766 4014 gesserit,
784 3935 952 4017 magnifice
970 3945 1079 3998 tamen
1094 3935 1133 3996 de
1157 3936 1251 3996 rebus

201 4015 266 4073 Plus
289 4002 439 4102 Parthicis
453 4015 633 4098 loquantur.
649 4023 779 4088 Constat
792 4045 888 4107 porro
903 4045 920 4089 e
933 4025 1120 4112 Dioue,Ll,
1132 4025 1197 4107 sao,
1211 4025 1250 4086 li-
1356 4103 1357 4108 η
