2704 4582
227 311 287 379 mli
527 351 529 356 -
556 301 935 370 COMMENTARIA

221 431 430 496 Pulcherrima
447 423 505 484 hoc
528 439 638 504 poeta,
664 439 699 484 ut
720 425 810 486 detur
831 430 948 488 occasio
969 429 1129 490 occidendi
1153 431 1266 505 Lausi,

222 524 310 586 nulla
327 521 411 579 enim
425 515 531 574 fuisset
544 515 646 590 AEneae
660 515 777 594 gloria,
795 518 820 576 si
836 519 955 578 saeviret
972 521 1002 577 in
1018 520 1184 599 juvenem,
1205 523 1265 580 nisi

221 615 376 680 irritatus,
388 617 419 664 et
429 622 517 684 paene
527 600 665 662 adactus.
681 606 762 684 Ergo
771 602 835 684 jam
844 607 949 666 Parcae
960 596 1133 668 afferebant
1144 611 1264 668 exitum

220 701 334 759 misero
348 696 466 763 Laus03
486 709 561 748 nam
577 690 685 749 AEneas
700 711 757 772 per
772 691 912 752 medium
921 692 1066 774 juvenem
1083 717 1191 756 ensem
1204 698 1265 755 exi-

219 789 282 869 git3
303 779 411 842 condit
428 790 547 851 totum3
572 776 727 858 transfigit
749 801 889 860 parmam
909 795 939 840 et
959 785 1117 843 tunicam:
1137 785 1265 863 juvenis

219 873 369 954 sanguine
381 881 464 926 totus
478 863 691 946 perfunditur,
707 880 737 927 et
751 869 876 928 tandem
891 868 973 930 cedit
988 873 1069 930 vita:
1090 871 1156 932 haec
1168 871 1266 930 histo·

218 967 274 1025 ria.
295 960 350 1020 Sed
371 972 405 1017 tu
424 954 511 1030 vide,
539 969 572 1014 ut
587 971 713 1015 exornet
731 977 797 1016 eam
816 971 906 1039 poeta
922 961 1009 1019 rniris
1028 961 1212 1035 affectibus,
1233 974 1265 1018 et

218 1071 307 1136 paene
328 1046 365 1107 ad
387 1046 561 1125 lacrymas:
591 1045 683 1125 quale
706 1059 749 1105 est
771 1047 899 1121 audire,
926 1046 1073 1128 juvenem
1094 1047 1263 1128 indignum

217 1150 331 1206 morte,
349 1134 450 1214 perire
466 1151 559 1191 causa
571 1133 714 1212 pietatis,
733 1147 763 1192 et
779 1134 917 1194 medium
934 1135 1053 1194 scindi?
1072 1136 1164 1218 quale
1182 1135 1264 1195 illud

217 1228 256 1288 de
268 1245 360 1286 aurea
371 1223 490 1296 tunica,
506 1241 600 1302 quam
613 1236 739 1280 neverat
753 1237 864 1297 mater,
881 1245 944 1284 non
958 1245 1084 1306 sperans
1097 1225 1184 1284 hunc
1200 1227 1264 1283 exi-

216 1313 303 1376 tum?
317 1309 414 1384 lllud,
430 1307 504 1367 leuia
514 1329 599 1367 arma
611 1311 747 1382 minacis,
762 1311 879 1390 explica
891 1331 964 1370 cum
976 1328 1115 1394 respectu
1128 1311 1167 1370 ad
1180 1314 1262 1370 Lau-

215 1426 300 1477 sum,
315 1415 351 1460 ut
362 1401 484 1458 minacis
496 1399 537 1456 sit
548 1399 723 1457 minitantis
735 1412 765 1457 et
781 1400 948 1462 exultantis
958 1399 1097 1482 juvenis:
1118 1423 1211 1476 nam,
1226 1413 1272 1460 ut-

215 1492 254 1552 ad
267 1492 382 1549 AEnean
394 1485 525 1560 referas,
537 1506 663 1565 prorsus
677 1487 793 1545 abnuo.

255 1583 322 1641 821.
338 1577 517 1656 Sequuntur
531 1573 664 1652 majores
679 1574 780 1634 adhuc
795 1573 921 1636 affectus
936 1598 952 1636 a
965 1579 1117 1637 moriente
1126 1575 1259 1658 jurene3

214 1689 232 1727 a
242 1665 377 1748 pallente
387 1660 476 1720 vultu
486 1684 494 1735 3
507 1661 545 1720 ab
556 1663 721 1722 miserante
731 1665 824 1722 AEnea
835 1686 841 1720 :
856 1666 973 1746 quippe
983 1665 1093 1739 subiit,
1104 1663 1182 1746 quid
1193 1665 1260 1744 ipse

213 1757 355 1824 sentiret,
375 1753 401 1809 si
419 1752 563 1810 Ascanius
579 1751 639 1810 tale
656 1751 819 1832 quidpiam
833 1766 1007 1833 pateretur:
1027 1773 1101 1833 ergo
1120 1754 1260 1811 intanta

213 1845 308 1905 animi
321 1841 590 1900 commiseratione
600 1840 744 1900 concedit
757 1841 807 1912 id,
821 1841 904 1921 quod
918 1856 1036 1922 potest,
1049 1843 1199 1900 nimirum
1211 1840 1260 1920 ju-

212 1952 321 1992 venem
332 1927 497 2009 sepulturae
503 1973 512 2000 ,
524 1942 555 1988 et
563 1929 621 2007 ipsi
633 1950 732 2002 arma3
744 1931 872 2011 indigne
881 1943 994 2012 putens
1005 1931 1103 2011 spolia
1117 1927 1257 1988 detrahi:

211 2020 300 2081 addit
314 2019 405 2077 etiam
422 2015 556 2096 gloriam
569 2013 676 2096 juveni
693 2032 755 2077 ase
771 2020 904 2077 victore:
924 2033 969 2078 est
982 2021 1064 2078 enim
1083 2017 1257 2098 gloriosum

210 2107 318 2168 cadere
330 2103 385 2162 sub
398 2100 498 2162 nobili
512 2116 542 2162 et
553 2103 628 2164 forti
641 2103 738 2165 hoste.
752 2105 854 2181 Quin,
866 2106 937 2165 vide
949 2109 1111 2188 pietatem,
1125 2106 1257 2185 ipsemet

210 2191 548 2258 sublevatdefunctum
562 2215 578 2252 a
592 2207 689 2270 terra,
709 2209 739 2254 et
755 2196 982 2255 cunctabundis
999 2196 1088 2255 sociis
1100 2193 1197 2252 tradit
1217 2193 1256 2250 ad

210 2285 415 2368 sepulturam!
437 2304 501 2342 non
516 2285 627 2364 pedem
647 2287 800 2367 imprimit
814 2285 977 2361 defuncto,
997 2300 1031 2344 ut
1046 2287 1169 2343 Turnus
1184 2281 1254 2342 Pal-

208 2379 303 2449 lanti;
319 2373 438 2432 nullam
451 2372 546 2432 infert
558 2376 801 2449 contumeliam,
816 2390 847 2434 et
858 2395 929 2434 vere
940 2376 972 2434 in
984 2374 1104 2434 hostem
1117 2386 1162 2431 est
1174 2372 1252 2452 pius.

208 2464 301 2527 Nolui
314 2465 433 2540 integra
447 2460 635 2542 expendere,
648 2484 688 2520 ne
700 2464 909 2544 inquinarem.

243 2661 302 2712 822.
319 2658 493 2709 Anchisiades.
508 2660 569 2708 Non
581 2677 631 2729 pro
644 2659 703 2710 libi·
748 2661 794 2711 illo
805 2661 883 2725 dixit,
897 2677 951 2731 quo
962 2659 1030 2710 solet
1040 2656 1207 2726 sepulturam
1219 2653 1253 2705 ad

208 2741 284 2801 dine,
304 2736 351 2787 ⁸0¹¹
360 2733 515 2804 “jndicffit
534 2738 597 2806 quia
615 2739 704 2787 statim
749 2741 807 2810 ipsa
817 2741 950 2792 cadavera
962 2757 1015 2790 non
1028 2738 1179 2808 pertinere:
1191 2733 1254 2784 licet

207 2819 339 2882 dictumst
351 2817 519 2866 «Etmentem
526 2817 617 2885 patriae
623 2817 704 2868 subiit
749 2820 859 2886 umbris,
869 2823 937 2872 sicut
945 2822 972 2871 io
981 2832 1053 2871 sexto
1061 2818 1184 2888 legimus,
1193 2833 1255 2885 pro·

206 2899 311 2970 pietatis
327 2898 423 2966 imago.
436 2919 446 2941 ’³
464 2895 550 2946 Gelda·
749 2901 795 2963 sit,
815 2913 848 2958 ut¹
863 2899 910 2950 aSi
923 2918 977 2968 qua
988 2911 1026 2950 est
1037 2915 1069 2948 ea
1080 2895 1182 2965 gloria,
1202 2896 1255 2964 sig·

242 2975 300 3028 825.
318 2977 369 3026 Pro
385 2973 502 3026 lciudibus
518 2975 578 3026 istis.
596 2975 666 3042 Quia
679 2962 704 3027 el

206 3070 299 3111 eontra
310 3057 463 3118 fortiorem,
475 3067 501 3106 et
510 3073 559 3125 pro
571 3059 653 3125 patris
665 3073 705 3106 sa·

206 3140 260 3190 lute
281 3136 407 3186 dimicare
432 3147 543 3184 conatus
566 3146 622 3185 est:
642 3152 704 3185 unm

206 3216 267 3268 ideo
286 3227 312 3265 et
332 3213 471 3282 pluraliter
493 3212 610 3263 laudibus
629 3213 703 3263 dixit.

206 3296 258 3348 Alii
268 3293 384 3344 laudibus
397 3311 445 3360 pro
455 3293 611 3358 virtutihus,
624 3305 653 3342 ut
662 3311 704 3344 so-

206 3377 242 3427 let
255 3391 271 3422 a
279 3383 372 3439 poeta,
382 3371 482 3422 dictum
492 3371 607 3423 tradunt.
616 3371 685 3422 Serv.

242 3453 302 3517 827.
324 3448 418 3515 Quibus
435 3447 547 3514 lutatio,
566 3450 629 3501 habe
648 3463 702 3502 tua.

206 3534 296 3584 Donat
308 3545 381 3578 arma
393 3527 427 3577 ad
441 3527 571 3582 honorem
586 3531 703 3601 sepulta.

207 3595 344 3670 rae;nioris
357 3608 425 3672 enim
436 3608 538 3672 fuerat,
550 3621 579 3660 ut
589 3627 649 3670 eum
661 3610 702 3662 his

206 3691 285 3744 rebus
303 3688 424 3737 homines
443 3687 619 3757 sepelirentur
636 3709 702 3762 quas

207 3771 352 3824 dilexerant
361 3767 422 3816 vivi.
438 3768 506 3817 Serv.
519 3799 553 3806 —
565 3769 607 3822 Sic
619 3771 701 3822 Graeci

205 3844 396 3903 Penthesileam
405 3858 535 3897 mortuam
545 3852 702 3902 remiserunt

207 3928 242 3980 ad
251 3925 380 3990 Trojanos
393 3921 432 3974 air
441 3920 553 3987 πιῦχιση.

243 4004 303 4056 828.
312 4001 341 4052 Si
349 4013 555 4072 quaesteacura.
566 4006 700 4060 Autmore

749 2990 827 3030 nat.»
851 2981 916 3029 Item
940 2976 973 3028 de
993 2975 1125 3037 Pallante,
1153 2973 1252 3024 “Varro

749 3059 835 3108 moesti
854 3058 1013 3110 comitamur
1035 3055 1172 3105 honore.»
1199 3053 1253 3102 Aut

749 3149 819 3188 certe
836 3139 915 3206 siqua
926 3149 966 3187 est
982 3154 1014 3187 ea
1026 3153 1091 3186 eura
1104 3133 1252 3199 Mezentio,

748 3216 800 3268 hoc
811 3229 850 3268 est
862 3217 932 3286 patri
944 3215 1088 3286 sacrilego,
1108 3215 1155 3283 qui
1167 3213 1253 3283 Supe-

750 3315 793 3348 ros
810 3298 967 3366 inferosque
985 3295 1139 3346 contemnit.
1158 3293 1251 3344 Ande

750 3387 806 3426 tota
817 3375 868 3426 hac
881 3394 908 3425 re
921 3373 1043 3424 dubitat?
1054 3372 1123 3424 Serv.

784 3455 844 3506 832.
865 3457 968 3507 Gomtos
986 3453 1017 3504 de
1042 3469 1112 3502 more
1131 3451 1250 3522 capillos.

748 3536 866 3604 Antiquo
888 3533 989 3585 scilicet
1009 3551 1096 3595 more,
1120 3536 1176 3601 quo
1201 3533 1250 3582 viri

749 3615 817 3664 sicut
825 3609 1158 3681 mulierescomponebant
1169 3610 1251 3682 capil-

747 3691 800 3742 los:
811 3691 980 3760 quadrarum
986 3707 1043 3741 esse
1049 3702 1174 3740 etstatuae
1181 3707 1249 3739 non-

748 3770 826 3821 nullae
844 3769 1015 3838 antiquorum
1034 3767 1146 3832 docent,
1167 3769 1248 3820 etiam

746 3868 880 3920 personae,
896 3866 961 3918 quas
972 3849 999 3898 in
1011 3847 1161 3919 Tragoediis
1174 3848 1247 3899 vide-

746 3948 803 3979 mus
816 3928 913 3980 similes
921 3929 948 3977 in
956 3941 1070 3999 utroque
1078 3945 1153 3993 sexu,
1162 3945 1246 3997 quon·

745 4008 1243 4080 tumadornatumpertinetcapitis.S;
