2704 4582
268 341 280 352 ⁴
319 368 372 431 ru
397 363 634 442 sucinos
659 368 752 432 ere.
777 370 816 434 x.
959 315 962 320 ¹
1026 399 1081 443 m.

65 511 196 554 successus
214 502 294 554 esset
311 498 508 576 τραγικώτερος,
538 513 605 556 non
624 493 714 558 aliter
732 515 767 556 sc
790 495 891 558 visum
910 497 944 558 iu
962 498 1086 562 Priamo

65 599 142 659 quum
153 583 303 662 spectavit
316 583 386 665 ipse
398 581 515 664 Polytae
526 580 585 648 filii
597 581 729 656 coedem3
742 583 859 650 AEneid.
874 584 920 662 ll,
934 585 1002 648 531.

92 665 149 742 444
161 667 336 730 Discedunt
346 689 454 731 omnes
464 669 503 730 ad
514 671 680 752 imperium
690 672 805 746 Turuis
820 693 883 754 quo
894 671 1087 758 reliquorum

66 752 200 834 abscessu,
212 772 248 818 ut
260 759 403 841 primum
416 778 433 817 a
445 757 586 820 Pallante
597 759 682 824 visus
693 773 737 825 stt
748 761 886 837 Turnus,
899 772 967 822 turn
979 764 1087 826 mirari

66 845 136 922 coepit
148 847 331 928 superbiam
342 843 499 928 jubentis3
517 858 586 908 tum
603 846 818 928 obstupescere
836 849 1087 930 magnitudinem

66 935 176 1012 corporis
185 933 282 996 illius.
298 937 396 998 Poste
407 933 468 996 hoc
478 936 558 998 mire
568 937 705 1018 concipit
716 933 820 1001 verbis
832 937 910 1014 illis,
922 959 973 1023 per
986 941 1087 1022 inpetus

66 1035 143 1100 terpus
154 1021 390 1098 solonitanum,
412 1025 504 1106 quusi
520 1025 563 1086 itu
580 1042 712 1104 magnus
723 1025 863 1100 Turnus,
883 1039 918 1086 ut
935 1047 1001 1088 non
1013 1029 1087 1088 setis

66 1101 124 1166 brus
143 1111 291 1188 intuitus,
311 1111 368 1172 sed
383 1113 556 1174 necessarie
574 1111 740 1176 oculorum
757 1111 909 1178 volutatio
926 1112 966 1174 sd
979 1113 1088 1176 lustres

66 1193 174 1258 bouem:
192 1200 268 1262 inde
282 1203 391 1264 stetim
406 1201 469 1262 obit
481 1203 560 1276 visu,
580 1201 648 1282 peri
663 1201 807 1282 energia:
828 1200 882 1264 elii
900 1205 1087 1270 seutentiam

67 1281 132 1343 diter
139 1291 338 1372 concipiunt,
349 1304 386 1352 ut
395 1290 526 1350 miretur
534 1287 638 1350 Pelles
649 1289 782 1370 superbe
787 1285 889 1369 jussa,
901 1291 973 1372 quie
982 1293 1088 1352 stetim

67 1385 148 1432 tunes
159 1395 326 1439 recessere.
340 1377 411 1438 Non
424 1395 549 1456 puguo;
564 1373 696 1439 sednon
708 1376 821 1457 probo.

94 1453 150 1530 448.
162 1461 245 1539 Quid
257 1478 331 1524 tum
343 1461 465 1524 Palles?
478 1461 559 1522 nihil
574 1461 630 1524 illo
643 1463 823 1543 generosius
831 1484 840 1537 ;
861 1476 1014 1544 optetent
1024 1466 1088 1527 vie.

68 1547 155 1606 toriern
172 1549 346 1630 gloriosam
367 1551 528 1612 interfecto
546 1553 671 1614 Turno:
693 1563 747 1614 eut
766 1564 900 1615 mortem
916 1551 1088 1632 gloriosam
1148 1557 1149 1562 ’

67 1631 216 1700 interfectus
229 1642 298 1724 ipse
318 1641 359 1702 eb
372 1643 499 1702 Turno:
517 1654 548 1700 et
564 1639 667 1714 addit,
685 1641 754 1702 sorti
768 1653 851 1720 puter
863 1662 963 1722 oequus
976 1646 1088 1725 utrigue

68 1735 108 1795 ⁶⁵⁸,
119 1725 214 1806 idest,
226 1747 319 1814 peter
328 1731 471 1794 Euander
480 1751 571 1813 aequo
582 1733 688 1792 auimo
698 1727 773 1790 feret
782 1743 947 1812 utrumque
956 1745 1088 1807 sortem,

68 1808 306 1880 uidelicetsortem
314 1819 460 1900 gloriosse
469 1833 523 1878 eut
531 1820 682 1896 victorie,
692 1819 877 1878 autmortis:
887 1816 1089 1887 alluditseili.

69 1902 141 1961 ceted
148 1905 240 1972 Turni
249 1908 348 1970 verba
355 1908 420 1985 ille,
429 1929 562 1990 cuperem
570 1911 627 1991 ipse
632 1929 737 1990 parens
743 1907 1010 2000 spectatorudesset:
1020 1931 1089 1992 per·

69 1985 115 2061 giu
127 1989 187 2053 tolle
199 1998 307 2057 minas.
327 1997 524 2058 Peucissimis
540 1994 606 2056 hee
623 1994 741 2071 Pelles,
761 2014 801 2054 ne
817 1995 842 2054 si
856 1993 912 2059 diu
928 2010 1088 2064 certamen

68 2068 192 2157 differret,
198 2083 329 2144 timidus
336 2085 441 2145 videre
449 2097 567 2166 posset:
576 2084 792 2166 itaque'stetim
799 2083 940 2165 procedit
948 2083 1090 2148 edcerte·

70 2177 122 2223 men
133 2167 274 2233 inlocum
286 2172 426 2236 medium
439 2195 446 2232 :
459 2196 495 2236 ec
507 2187 582 2234 tunc
595 2172 726 2236 Arcades
739 2171 777 2234 de
791 2193 936 2234 successu
946 2176 1086 2244 timuere.
1173 2217 1175 2222 ·

97 2250 154 2326 l53.
173 2261 281 2324 Desilit
299 2285 445 2340 e1curru3
466 2279 498 2326 et
515 2265 609 2348 pedes
628 2263 696 2324 vult
714 2261 881 2344 congredi,
902 2264 977 2344 quie
995 2267 1088 2348 pedes

70 2359 170 2426 quoque
180 2367 243 2414 eret
253 2355 377 2430 Pelles3
392 2355 477 2436 quod
486 2355 553 2434 jem
566 2375 676 2435 supra3
691 2372 764 2410 nem
775 2351 922 2425 Arcades,
936 2355 992 2433 qui
1003 2355 1089 2420 soliti

71 2446 181 2510 Pugnare
191 2443 295 2521 equis,
309 2457 437 2524 propter
449 2443 647 2524 iniquitatem
659 2439 720 2500 loci
735 2437 853 2519 pedites
868 2453 965 2500 erent.
979 2442 1089 2523 Sequi·

71 2527 319 2608 turcomperatio,
340 2529 396 2590 ubi
414 2532 555 2606 Turnus,
576 2530 650 2610 quie
666 2527 815 2601 ferocior,
835 2541 882 2592 est
900 2525 966 2601 le03
988 2528 1090 2592 Pullus

73 2617 169 2674 buius:
189 2619 277 2678 videt
292 2619 342 2680 leo
359 2618 396 2679 ab
413 2617 473 2680 ulta
487 2616 618 2701 specula,
639 2619 714 2700 quie
726 2619 850 2679 Turnus
865 2615 1009 2684 sublimis
1024 2632 1091 2682 eret

74 2693 98 2752 iu
108 2720 203 2764 crurru:
217 2721 327 2769 taurus
339 2707 606 2798 meditaturproelie
613 2753 623 2782 ,
636 2709 711 2790 quia
722 2705 783 2768 hoc
794 2707 923 2772 initium
934 2704 1090 2774 bellorum

73 2780 209 2869 Pallantis,
222 2809 255 2856 et
267 2816 337 2855 vere
349 2794 521 2858 meditatie.

97 2871 156 2957 457.
169 2879 227 2941 Ubi
239 2882 343 2944 Pelles
355 2883 505 2960 eredidit,
519 2887 660 2948 Turnum
672 2903 738 2948 esse
751 2883 833 2944 intra
845 2879 899 2945 teli
907 2881 1045 2961 jectum
1059 2895 1090 2946 et

72 2975 120 3019 esse
134 2971 295 3051 contiguum
318 2970 407 3032 bastoe
425 2974 542 3046 misse,
560 2971 592 3031 id
611 2983 674 3046 est,
695 2969 837 3048 contingi
852 2967 919 3046 jem
939 2988 1030 3048 posse
1050 2969 1089 3034 eb

74 3047 144 3108 missa
156 3050 257 3130 basta,
272 3058 360 3139 prior
371 3060 477 3119 Turno
491 3058 592 3120 voluit
604 3059 701 3120 ictum
715 3055 832 3128 facere,
847 3066 960 3140 puteus
973 3053 1042 3114 fore
1055 3070 1091 3116 ut

74 3129 135 3198 benc
144 3142 302 3206 audaciam
313 3147 437 3227 juvaret
451 3147 595 3222 fortuna3
613 3148 701 3228 prius
715 3161 817 3206 taunen
834 3162 937 3224 preces
952 3141 1034 3202 fudit
1050 3142 1091 3203 ad

75 3217 210 3290 Herculem
229 3246 397 3333 paternum
413 3233 589 3316 hospitem,
612 3251 780 3316 conversus
796 3227 835 3286 ad
848 3227 974 3304 ceolum,
994 3229 1051 3290 ubi
1066 3233 1091 3292 is

73 3303 144 3369 Deus.
154 3315 185 3375 ln
194 3338 317 3380 minore
329 3322 447 3403 quippe
457 3334 572 3384 conatu
583 3335 693 3381 contra
702 3317 866 3388 Halesum,
877 3313 1029 3404 Thybrim
1043 3319 1091 3378 in.

101 3434 150 3501 443·
166 3441 285 3514 Cuperem
301 3445 460 3518 ipseporens.
473 3447 545 3518 Ipse,
626 3443 687 3512 453.
704 3441 822 3514 Frigidus
837 3439 978 3508 &cudibus
994 3442 1090 3498 coitio

75 3509 154 3568 seilicet
166 3525 209 3591 qui
222 3537 309 3576 umet:
321 3525 386 3602 ipse,
404 3526 451 3595 qui
460 3526 547 3582 inimi·
590 3521 733 3598 precordia
739 3520 852 3594 sanguis.
862 3523 990 3593 Presugio
998 3525 1092 3583 mortis,

76 3589 165 3650 ciuncis
174 3602 269 3656 auxilie
278 3603 462 3660 subministret
470 3627 476 3657 :
485 3605 547 3676 ipse,
591 3604 696 3657 future.
706 3601 780 3659 Seru.
789 3628 823 3646 .-v
834 3600 955 3656 {mitetur
962 3599 1035 3660 huuc
1045 3601 1089 3654 lo-

77 3684 145 3742 ¹=quo
159 3681 249 3734 mesen
268 3695 308 3735 est
329 3695 424 3740 contra
439 3702 495 3740 me.
512 3711 548 3729 κ
592 3680 821 3753 cumveler..drg.
832 3680 879 3734 lib.
890 3682 934 3746 w,
943 3681 989 3734 ubi
996 3683 1091 3740 Castor

76 3745 189 3816 Spectator.
201 3760 271 3828 Qruia
282 3763 405 3833 graviore
415 3775 480 3818 ¹tutut
490 3781 547 3834 quse
592 3765 681 3829 timet,
697 3762 755 3814 uiso
767 3758 873 3814 Polluce
886 3761 969 3822 irritus
980 3781 1090 3835 pregre.

79 3827 191 3904 videntur,
209 3858 289 3910 quam
308 3860 365 3913 quse
386 3841 548 3898 audiuntur:
593 3842 682 3902 dieute
701 3839 737 3896 ed
750 3853 887 3900 certamen
902 3854 997 3898 conus
1009 3845 1091 3915 Amy.-

78 3909 207 3974 podiensi
215 3919 349 3986 Turnum,
366 3933 392 3973 et
403 3933 480 3974 tauro
491 3921 550 3975 Pel·
595 3939 664 3980 cum.
674 3922 773 3974 Versus
783 3932 859 3974 sunt:
872 3942 888 3972 ,ι
896 3919 971 3974 nudo
982 3934 1092 3984 steterat

79 3979 158 4040 leucen
168 4011 314 4069 comperet,
328 4000 551 4068 jemeventusrei
592 4003 648 4072 jaun
664 4012 773 4072 pectore
785 3999 891 4064 Pollux,
911 4017 993 4070 quum
1006 4020 1091 4074 pavor

80 4059 256 4134 demonstrabit.
272 4077 368 4130 Donat.
596 4093 622 4134 et
629 4079 731 4154 gelidus
740 4077 828 4136 defixit
836 4080 948 4132 Castore
955 4082 1089 4150 sanguis.»
