2726 4592
272 253 334 322 292
583 233 679 296 TlB.
703 235 773 297 CL.
798 235 989 301 DONATl

265 349 494 435 nuncupatam:
507 353 588 433 apud
602 352 687 433 cujus
700 377 767 414 aras
775 357 894 417 Orestes
904 361 1151 439 persacerdotem
1166 360 1299 442 ejusdem

268 444 407 503 numinis
420 439 616 522 Iphigeniam
628 464 764 502 sororem
777 465 863 503 suam
880 468 896 504 a
912 447 1075 526 parricidio
1090 449 1189 509 fuerat
1203 449 1301 526 expia⁴

214 538 250 590 86
267 547 326 592 tus.
335 531 394 590 Alii
406 529 541 610 Apollini
550 530 677 605 Nomio,
686 533 831 612 pastorali
844 535 957 596 scilicet
966 536 1041 612 deo,
1055 559 1114 618 qua
1124 549 1299 619 tempestate

213 625 246 692 87
267 622 386 682 Admeti
400 619 493 680 bo'ves
508 633 644 700 paverat.
654 621 712 680 Alii
724 621 846 698 Libero,
861 625 1074 708 Nympharum
1087 628 1206 700 scilicet,
1217 629 1300 704 Saty·
1341 627 1348 682 l

267 729 388 782 rorum,
401 723 430 766 et
441 707 469 765 id
482 713 579 787 genus
588 710 753 768 numinum
763 713 912 794 principi,
924 715 1036 794 quihus
1046 715 1144 795 placet
1153 713 1299 773 rusticum
1347 757 1348 784 3

211 801 246 852 88
266 815 399 858 carmen.
419 795 478 856 Alii
492 798 662 872 Mercurio,
681 795 855 878 Daphnidis
871 803 965 880 patri,
982 817 1140 883 pastorum
1157 803 1298 861 omniurn

264 885 397 968 principi
418 900 447 945 et
462 885 544 966 apud
562 885 775 961 Theocritum,
790 902 819 946 et
835 888 919 968 apud
938 889 1023 950 hunc
1044 895 1145 982 ipsum
1164 904 1300 971 poetam.

211 979 245 1046 89
264 968 324 1031 Alii
342 974 375 1031 in
389 971 541 1032 honorem
562 974 664 1032 Panos
683 975 774 1033 scribi
793 987 903 1053 putant
921 976 1120 1056 peculiariter
1136 973 1298 1057 pastoralis

181 1060 186 1066 ’
210 1087 244 1139 9⁰
263 1063 329 1138 dei,
341 1064 414 1120 item
429 1060 679 1135 Sileni,Silvani,
694 1077 786 1142 atque
796 1064 985 1122 Faunorum.
995 1067 1071 1142 Quae
1083 1087 1180 1146 quurn
1193 1063 1300 1123 omnia

263 1147 421 1222 dicantur,
436 1148 514 1207 illud
537 1151 595 1206 erit
615 1146 1072 1231 probatissimum,Bucolicum
1092 1173 1217 1212 carmen
1241 1150 1301 1208 ori·

262 1239 366 1318 ginem
386 1234 496 1294 ducere
518 1257 534 1293 a
555 1237 661 1314 priscis
682 1236 887 1316 temporibus,
914 1238 1025 1317 quibus
1049 1241 1112 1297 vita
1133 1237 1299 1320 pastoralis

261 1323 390 1384 exercita
405 1339 485 1394 erat3
500 1337 529 1380 et
545 1321 613 1380 ideo
627 1320 709 1379 velut
724 1326 806 1381 aurei
825 1321 929 1381 saeculi
946 1325 1079 1403 speciem
1096 1323 1128 1382 in
1144 1322 1298 1404 ejusmodi

260 1433 466 1495 personarum
481 1411 678 1491 simplicitate
692 1413 852 1490 cognosci;
868 1425 898 1470 et
911 1412 1022 1470 merito
1033 1412 1217 1492 Virgilium,
1229 1434 1298 1493 pro·
1347 1427 1348 1474 l

246 1519 417 1560 cessurum
433 1497 472 1557 ad
494 1497 554 1556 alia
568 1499 719 1570 carmina,
739 1519 804 1556 non
823 1496 949 1556 aliunde
964 1499 1104 1578 coepisse,
1124 1501 1183 1556 nisi
1204 1502 1246 1558 ab
1264 1520 1298 1558 ea

258 1589 337 1660 vita,
357 1607 425 1666 quae
440 1587 539 1664 prima
552 1587 583 1643 in
603 1586 689 1643 terris
702 1583 763 1642 fuit
774 1607 781 1642 :
794 1605 868 1643 nam
881 1599 987 1664 postea
1006 1605 1078 1643 rura
1094 1584 1193 1660 culta,
1209 1600 1241 1644 et
1259 1585 1296 1644 ad
1347 1591 1348 1628 ἶ

258 1691 446 1760 postremum
461 1695 518 1754 pro
530 1675 618 1732 cultis
633 1689 662 1732 et
674 1673 824 1732 feracibus
838 1676 922 1732 terris
934 1674 1016 1733 bella
1028 1690 1168 1755 suscepta
1183 1698 1189 1732 ς
1210 1674 1295 1754 quod

257 1767 379 1824 videtur
402 1762 549 1844 Virgilius
574 1765 605 1820 in
628 1765 693 1842 ipso
717 1762 827 1821 ordine
853 1783 983 1842 operum
1006 1783 1134 1822 suorum
1159 1765 1296 1823 voluisse

257 1868 437 1924 monstrare,
446 1869 540 1929 quum
552 1863 685 1930 pastores
695 1852 808 1931 primo,
820 1850 930 1909 deinde
941 1851 1092 1930 agricolas
1105 1854 1202 1926 canit,
1216 1850 1295 1911 etad

258 1938 403 2001 ultimum
418 1939 589 1998 bellatores.

203 2052 233 2105 9¹
296 2027 390 2088 XXll.
416 2029 535 2100 Restat,
559 2041 606 2101 ut,
626 2049 693 2108 qnae
718 2051 818 2088 caussa
842 2027 1019 2090 voluntatem
1040 2030 1178 2089 attulerit
1198 2043 1298 2109 poetae

256 2117 396 2178 Bucolica
425 2117 620 2196 potissimum
645 2116 824 2192 scribendi,
856 2117 1096 2176 consideremus.
1122 2121 1182 2176 Aut
1212 2119 1296 2174 enim

256 2205 422 2265 dulcedine
436 2206 581 2262 carminis
596 2203 750 2264 Theocriti
761 2221 795 2280 vet
808 2206 1012 2265 admiratione
1026 2207 1090 2284 ejus
1106 2205 1224 2264 illectus
1237 2219 1295 2275 est;

258 2309 311 2352 aut
327 2292 470 2351 ordinem
485 2306 661 2371 temporum
680 2306 725 2352 est
741 2307 887 2373 sequutus
905 2315 975 2372 erga
995 2295 1087 2352 vitam
1108 2291 1297 2363 humanam,

257 2405 424 2457 Wernsdorf.
439 2403 501 2455 diss.
513 2404 546 2456 de
558 2405 692 2476 pignorib.
706 2407 754 2455 im·
798 2409 845 2469 lll,
861 2425 921 2478 pag.
936 2407 996 2474 317.
1015 2405 1195 2458 Clarissimum
1205 2403 1294 2452 Diauae

255 2487 323 2556 perii
334 2485 410 2534 Romi
426 2485 504 2551 1786,
515 2501 541 2552 p.
557 2485 586 2534 13
599 2501 637 2553 sq.
650 2496 676 2535 et
688 2485 754 2535 lllre·
798 2487 916 2537 Tauricae
928 2489 1031 2555 siguum
1043 2485 1093 2533 fuit
1105 2485 1131 2532 in
1145 2484 1239 2531 Atticae
1251 2501 1296 2551 pa-

242 2567 291 2636 ·gii
302 2567 358 2632 ejus
369 2564 461 2634 religio
473 2562 564 2614 hahita
574 2585 579 2611 :
591 2583 615 2614 v.
625 2565 754 2614 Morisani
798 2585 832 2638 go
838 2565 1082 2632 Br·aurone:Eurip.
1090 2559 1175 2632 lphig.
1183 2563 1209 2610 in
1216 2562 1294 2611 Taur.

255 2645 387 2712 Inscriptt.
397 2644 488 2712 Regin.
501 2654 527 2712 p.
538 2661 568 2710 9¹
579 2681 587 2706 ,
597 2659 639 2712 92.
653 2643 753 2694 Probus
799 2659 862 2696 extr.

256 2724 274 2776 l.
288 2743 311 2775 c.
325 2721 416 2774 laudat
428 2739 519 2772 versus
530 2723 638 2772 Lucilii:
656 2745 714 2774 a....
729 2737 754 2774 et
834 2725 856 2790 S
887 2723 929 2774 86.
959 2721 1023 2771 Atii.
1049 2717 1137 2770 Facile
1167 2731 1294 2788 apparet,

256 2823 340 2873 saepe,
363 2801 435 2872 quod
459 2815 520 2853 ante
540 2789 670 2872 Optasti,
686 2805 753 2854 freta
798 2803 990 2853 Grammaticos
1003 2801 1058 2851 haec
1072 2817 1103 2849 ex
1113 2799 1145 2847 iis
1155 2811 1294 2867 poetarum

254 2886 381 2935 Messanae
399 2895 425 2933 et
440 2881 560 2951 Rhegiua
576 2881 677 2932 videbis
690 2883 755 2934 Mue-
797 2882 979 2932 bucolicorum
1001 2880 1066 2929 locis
1090 2877 1249 2948 collegisse,
1269 2880 1294 2927 iu

256 2965 314 3027 nia,
334 2977 389 3013 tum
407 2963 532 3030 Liparas,
553 2961 682 3010 Facelinae
705 2963 754 3033 (et)
798 2961 909 3031 quibus,
919 2963 1025 3031 poetico
1036 2956 1295 3023 more,modobunc
1347 2969 1348 3020 ,

256 3043 354 3112 templa
366 3043 455 3092 Dianae
466 3064 476 3086 n
486 3061 492 3100 ;
504 3039 559 3090 scil.
574 3039 607 3090 ad
617 3039 701 3110 Mylas
714 3041 753 3092 Si·
798 3041 878 3092 ruodo
895 3041 968 3090 illum
985 3041 1062 3090 deum
1079 3057 1167 3088 rerum
1185 3040 1296 3088 rustica·
1347 3057 1348 3068 ¹

257 3123 331 3174 ciliae.
345 3124 410 3172 Tam
422 3121 475 3170 late
488 3137 579 3188 sparsa
592 3131 631 3168 est
642 3119 697 3169 haec
712 3123 752 3171 fa·
798 3141 855 3172 runi
864 3120 1000 3190 praesidem
1008 3159 1016 3184 ,
1025 3119 1169 3189 propitium
1178 3117 1230 3167 sihi
1239 3135 1293 3168 esse

255 3201 332 3264 bula,
353 3214 382 3250 ut
403 3200 495 3250 eadem
519 3197 570 3248 hac
591 3200 649 3248 face
673 3198 752 3268 plura
797 3201 935 3263 volebant,
953 3211 978 3250 et
994 3200 1092 3265 inventi
1107 3200 1234 3248 carminis
1247 3197 1292 3247 ho·

255 3281 414 3346 scriptorum
424 3279 484 3328 loca
492 3277 647 3328 collustrare
655 3281 749 3346 possis.
796 3297 887 3330 norem
902 3279 1005 3329 adeum
1019 3275 1170 3328 referebant
1182 3290 1275 3344 poeta.

254 3357 342 3422 Quid?
357 3357 429 3424 quod
443 3356 476 3406 ad
490 3356 588 3428 Syriam
604 3355 696 3406 eadem
712 3359 750 3406 l'a·
832 3358 852 3428 §.
864 3375 906 3425 90.
920 3359 1013 3407 Merito
1030 3356 1056 3408 V
1054 3355 1184 3426 trpih'um3
1197 3354 1291 3404 stolida

253 3435 318 3488 bula
332 3435 382 3483 fuit
398 3433 512 3484 deducta
528 3436 560 3484 ab
577 3436 749 3487 Antiochenis
796 3439 911 3506 argutia!
932 3435 1030 3486 Eadem
1052 3447 1139 3484 tamen
1162 3435 1243 3483 etiam
1266 3435 1291 3482 in

254 3512 442 3581 scriptoribus,
462 3515 507 3582 qui
526 3515 633 3564 omnino
653 3513 702 3563 sibi
722 3517 748 3565 in
795 3518 924 3569 Servianis
937 3518 962 3565 in
976 3535 1015 3584 pr.
1030 3514 1145 3565 Bucolic.
1157 3515 1180 3579 §.
1197 3516 1239 3580 24.

252 3592 304 3642 hoc
322 3589 458 3658 placuere,
478 3606 506 3641 ut
524 3605 624 3644 veteres
643 3593 747 3643 l'ahulas
829 3594 850 3663 §
864 3593 1005 3660 pisitdfir,
1019 3595 1064 3664 qui
1076 3592 1186 3643 ualidus.
1197 3591 1290 3644 Melius
1347 3603 1348 3606 ’

254 3669 288 3719 ad
301 3684 375 3718 suum
385 3669 514 3718 Orontem
525 3670 702 3721 traducerent.
717 3672 746 3720 V.
793 3672 892 3723 Gellius
916 3673 975 3738 Vll,
1001 3673 1044 3736 id,
1066 3673 1166 3722 uberem
1190 3671 1289 3734 reddit,
1347 3707 1348 3714 .

251 3743 350 3797 Malala
363 3763 389 3812 p.
406 3749 461 3812 176.
481 3748 592 3800 Cedren.
605 3769 631 3818 p.
650 3751 695 3814 134
706 3767 746 3818 sq.
794 3769 870 3820 quern
884 3751 952 3800 vide.
970 3751 1074 3802 Servius
1088 3770 1127 3820 pr.
1142 3753 1289 3802 Comment.
1347 3743 1348 3746 ¹

251 3823 383 3891 Lamprid.
393 3823 501 3892 Elagab.
511 3843 540 3894 7,
554 3841 579 3878 et
589 3830 626 3878 ibi
636 3829 746 3880 Salmas.
793 3832 819 3879 in
834 3829 949 3880 Bucolic.
961 3831 1173 3902 grandiloquum.
1185 3822 1227 3881 Gi.
1239 3830 1291 3880 Cu-

253 3903 314 3954 add.
325 3902 423 3953 Eckhel
435 3905 563 3958 Doctrina
573 3927 677 3961 numer.
693 3909 745 3961 vol.
792 3927 848 3980 per.
863 3909 940 3962 Ohss.
955 3914 980 3978 l,
994 3909 1008 3960 5
1019 3929 1060 3981 pr.
