2726 4592
244 297 309 372 tot
423 292 458 355 Ρ.
482 281 712 352 VlRGlLll
735 273 967 352 Minoris
990 286 1110 353 VITA

244 442 298 487 eos
308 420 515 496 occuparant,
529 403 720 480 vindicaret,
731 423 848 469 noram
857 402 1006 486 iujuriam
1015 409 1152 492 aceepit,
1163 419 1200 472 ut
1209 411 1275 474 aleo

243 513 320 592 fuga
338 506 409 570 ritoe
429 495 591 562 consulere
611 513 735 557 necesse
758 491 894 556 haberet.
916 497 1005 558 Patet
1025 497 1058 560 id
1084 520 1120 560 ex
1140 499 1206 560 Ecl.
1226 501 1275 578 lx,

243 619 359 686 quum,
384 597 537 662 Romam,
556 599 592 648 ut
613 586 719 660 siunt,
738 603 913 666 regressus,
936 597 972 646 ut
994 587 1099 650 denuo
1120 588 1275 652 Octaviani

242 709 338 772 opem
349 680 546 765 imploraret,
555 678 638 738 Varo
652 671 805 736 obtulisse
818 673 917 736 rideri
929 689 1049 758 potest3
1061 699 1238 762 quanquam
1246 681 1276 740 ln
1343 683 1349 699 '

243 780 313 860 ipso
324 770 460 840 carmine
474 763 555 829 nihil
568 783 604 824 ea
613 761 652 825 cle
666 783 698 824 ra
714 775 830 845 prater
842 761 1054 826 honorificam
1068 769 1142 828 Vari
1154 770 1276 828 mentio·
1341 808 1348 814 -

242 885 318 933 nom
335 882 365 922 v.
385 879 439 940 27,
453 853 507 930 35,
521 853 669 926 ocourrit3
690 872 719 912 v.
735 853 864 932 Argum.
882 851 947 915 Ecl.
969 854 1021 914 IX.
1040 856 1112 918 Nou
1127 855 1209 917 male
1224 855 1278 917 boe

243 956 355 1022 Rursus
375 951 449 1030 ipsa
463 942 611 1008 carminis
630 938 748 1015 forma,
772 960 842 1022 quas
859 937 1044 1002 subitarium
1064 963 1194 1026 operam
1213 946 1278 1007 ratis

242 1037 364 1126 prodit,
381 1029 560 1096 confirmari
576 1042 677 1112 putat.
692 1027 859 1092 Menalcan
870 1030 905 1092 in
916 1050 953 1092 eo
965 1033 1105 1093 carmine
1119 1031 1279 1114 Virffl‘lium
1314 1078 1317 1084 ,

241 1121 483 1207 intelligendum
504 1138 588 1194 esse,
605 1117 675 1199 jam
686 1115 902 1194 Quintilianus
915 1120 1041 1180 monuit
1051 1119 1128 1182 lust.
1145 1121 1231 1198 vul,
1247 1124 1280 1198 6,

242 1216 293 1300 47.
307 1217 497 1286 veteranus,
512 1207 604 1288 oujus
619 1205 758 1271 audacie
771 1220 803 1270 et
818 1205 917 1268 lumri
931 1207 1082 1290 Virgilius
1097 1211 1149 1270 rix
1164 1209 1237 1292 fuga
1250 1229 1281 1270 se
1354 1279 1355 1288 χ

242 1303 413 1366 subducere
430 1299 548 1382 potuit,
568 1295 607 1358 ab
625 1295 693 1359 aliia
708 1296 816 1358 Arrius
830 1297 990 1373 centurio,
1004 1297 1043 1358 ab
1059 1297 1128 1360 aliia
1143 1297 1283 1376 Clodius,

242 1387 521 1464 aProboMileuus‚
528 1405 583 1448 seu
589 1385 824 1452 Milienus'l'oro
830 1386 1035 1468 primipilaris
1041 1385 1137 1452 fuisse
1144 1387 1283 1452 traditur.

241 1479 301 1542 Sed
315 1479 354 1540 de
365 1476 415 1538 his
424 1473 669 1556 disputationem
681 1472 721 1536 ad
733 1475 894 1537 Donatum
905 1475 930 1556 S
946 1473 1002 1551 31,
1016 1474 1285 1558 rejecimus-Irim

241 1573 324 1632 riam
342 1566 425 1628 hanc
439 1575 550 1648 poeta,
562 1584 629 1624 nou
643 1564 704 1624 nisi
722 1563 830 1624 Asinio
843 1560 987 1626 Pollione
1001 1562 1127 1646 fugato,
1146 1577 1286 1646 expertus
1354 1575 1355 1604 ³

242 1680 324 1736 esse,
332 1672 369 1720 ut
378 1654 486 1740 paullo
498 1668 570 1714 ante
582 1652 735 1731 vidimus,
747 1666 893 1717 narratur
905 1654 938 1712 in
951 1654 1033 1716 Serv.
1048 1653 1088 1716 ad
1095 1651 1163 1716 1301.
1174 1655 1233 1730 IX,
1242 1675 1286 1730 ιι,

242 1772 315 1833 quo,
338 1745 498 1822 Pollione,
509 1743 635 1827 fimeto,
654 1764 751 1806 rursus
767 1742 804 1804 ds
819 1742 936 1825 prmdiis
953 1745 1013 1804 suis
1025 1744 1129 1828 ficerat
1148 1747 1180 1812 V
1178 1741 1288 1826 amilius
1354 1821 1355 1824 Ἴ

242 1861 279 1900 ex
299 1835 387 1900 uisus.
644 1866 651 1873 ·
724 1875 727 1879 -
935 1843 939 1850 '

275 1861 313 1984 'bi
327 1943 460 2007 quaeras,
476 1926 539 2004 qua
549 1922 670 1982 ratione
680 1930 772 2003 poeta
783 1923 899 1984 iterum
910 1922 945 1982 in
957 1941 1047 2008 agros
1061 1941 1133 1987 suos
1146 1921 1291 1985 reductus
1354 1935 1355 1986 3

242 2012 356 2088 fuerit,
373 2011 513 2072 Serrium
529 2009 624 2072 habes
638 2010 815 2087 Comment.
831 2012 866 2070 in
877 2009 982 2072 lincol.
998 2032 1046 2094 pr.
1061 2013 1091 2093 S.
1113 2007 1148 2086 rlr
1160 2031 1291 2072 narran-
1354 2059 1355 2088 r

211 2101 213 2107 ’
242 2112 330 2162 tem:
355 2099 489 2160 «Postea
510 2096 549 2158 ab
568 2098 709 2179 Augusto
723 2098 823 2159 missis
836 2099 1025 2175 triumviris,
1045 2110 1076 2160 et
1093 2100 1155 2181 ipsi
1172 2099 1292 2180 integer
1354 2089 1355 2144 l

244 2209 318 2272 ager
331 2199 375 2250 est
386 2186 539 2266 redditus,
558 2199 589 2248 et
599 2189 779 2252 Mantuanis
792 2208 852 2271 pro
863 2201 989 2270 parte.»
1009 2188 1156 2270 inquam
1168 2203 1294 2250 senten·

243 2280 322 2340 tiam
337 2277 421 2340 idem
436 2276 515 2340 ibid.
530 2279 753 2360 interpretatur
768 2299 873 2340 versus
891 2299 922 2338 11
941 2297 1008 2362 sqq.
1022 2278 1088 2340 Ecl.
1102 2279 1155 2338 IX.
1175 2279 1236 2344 Vix
1248 2289 1296 2338 ta-

243 2387 317 2430 men
335 2365 414 2428 illud
428 2364 490 2428 hoc
503 2368 570 2448 ipso
585 2387 670 2434 anno
683 2367 751 2430 fieri
763 2369 879 2449 potuit,
900 2387 964 2448 quo
976 2366 1096 2428 bellum
1109 2367 1297 2428 Perusinum
1354 2369 1355 2448 i

243 2460 370 2534 exarsit,
383 2479 447 2541 quo
459 2457 522 2533 late
531 2456 621 2520 ltalia
633 2457 850 2538 conflagravit3
863 2458 969 2538 itaque
980 2457 1072 2519 rebus
1084 2455 1214 2520 demum
1227 2476 1298 2538 pac·

244 2549 332 2606 tione
351 2545 538 2622 Brundisina
557 2566 586 2605 a.
608 2544 666 2628 714
684 2545 865 2628 compositis
886 2543 920 2604 id
939 2565 1005 2608 esse
1023 2543 1157 2619 factum,
1181 2547 1300 2608 reotius

245 2636 338 2718 ponit
350 2635 506 2696 Martinus
517 2656 550 2715 p.
564 2636 615 2695 Ll.
1194 2681 1196 2688 ,

284 2723 466 2786 Mantuanis
485 2737 589 2787 autem
607 2723 702 2784 simul
722 2725 756 2784 in
770 2721 896 2805 Virgilii
910 2724 1044 2804 gratiam
1058 2743 1209 2805 agrorum
1225 2729 1304 2804 par²

244 2821 307 2872 tem
322 2813 495 2872 restitutam
510 2833 587 2891 esse,
601 2813 675 2873 satis
687 2809 853 2894 probabile
864 2811 901 2873 lit
914 2832 951 2872 ex
962 2813 1027 2874 Ecl.
1042 2813 1100 2889 lx,
1115 2833 1167 2894 7...
1185 2832 1236 2880 ro.
1251 2806 1301 2873 Cf..
1354 2815 1355 2880 i

246 2899 328 2964 Serv.
341 2900 381 2965 ad
395 2922 425 2962 r.
441 2923 487 2963 1o.
622 2899 633 2938 ‘
1124 2965 1126 2970 ,

680 2981 774 3049 U.C.
792 2983 868 3070 7¹l·

377 3124 433 3190 Cn.
448 3122 607 3188 Domitius
623 3118 770 3186 calvinus
784 3120 841 3184 II:
857 3119 891 3185 C.
909 3120 1038 3222 Asinius
1050 3119 1166 3187 Pollio.

512 3227 650 3294 Suffecti
662 3226 724 3293 sub
736 3227 860 3300 exitum
871 3227 950 3294 anni
962 3229 1006 3311 (1)
1020 3249 1028 3290 :

477 3351 515 3418 L.
530 3350 691 3418 Cornelius
704 3350 841 3417 Balbus:
853 3349 892 3422 P.
907 3348 1064 3416 Canidius.

542 3458 584 3522 A.
599 3456 633 3522 C.
648 3459 700 3538 4ο.
719 3457 753 3521 V
751 3455 849 3546 irqilii
859 3456 1000 3522 30-31.

288 3605 408 3668 Bellum
422 3607 617 3671 Perusinum.
633 3609 821 3670 Octavianus
836 3603 869 3673 L.
885 3608 1059 3671 Antonium
1073 3609 1308 3690 Perusiamque

249 3697 361 3758 urbem
374 3695 532 3758 deditione
547 3701 667 3781 accipit.
684 3698 746 3760 Sub
761 3701 838 3760 unni
852 3697 946 3782 hujus
960 3699 1088 3760 initium
1101 3699 1307 3764 Scriboniam

282 3906 322 3980 (ι)
334 3907 413 3980 Apud
428 3911 533 3964 Gruter.
545 3931 573 3984 p.
588 3914 618 3968 C.
632 3913 648 3967 8
664 3931 781 3967 marmor
796 3915 905 3984 uisitur,
920 3931 945 3973 a.
962 3913 989 3969 d.
1004 3916 1041 3972 1v
1056 3913 1098 3970 ld.
1115 3913 1235 3973 Octobr.
1251 3909 1300 3966 cr.

244 3987 362 4044 Domitio
374 4001 402 4046 et
413 3989 443 4052 G·
453 3991 547 4052 Asinio
557 3993 633 4052 Gaas.-
643 3996 809 4068 inscriptum.
