2654 4590
316 307 367 372 m
390 303 629 372 muuroos
651 279 746 372 um.
771 310 833 373 rx.
1054 319 1093 399 45

52 441 106 488 uon
119 427 263 510 legitimo
277 439 372 490 toro:
386 430 564 504 ideoetiam
578 431 686 492 missus
702 431 741 492 ad
753 429 877 512 'frojam
889 436 978 494 armis
989 444 1095 518 vetitis,-

16 563 17 576 .
54 537 112 574 nam
125 521 219 578 servis
235 520 411 580 interdieta
423 521 546 580 militia.

85 603 145 680 548.
160 609 240 668 Erat
258 610 405 670 Helenor
421 631 437 670 e
452 630 583 670 numero
598 611 734 670 militum
746 609 821 672 levis
833 627 1008 691 armaturae,
1023 621 1094 683 ideo

53 709 158 758 tantum
173 721 249 758 eum
266 722 343 760 ense
353 713 381 759 et
395 721 502 781 parma
516 723 522 758 :
536 701 638 780 itaque
650 699 709 759 hoc
720 721 807 759 versu
819 701 942 778 definit,
953 728 1022 788 quae
1032 713 1096 772 sint

53 801 124 842 arma
135 784 218 845 levia
233 789 401 847 militum:
417 786 505 846 addit
518 807 590 846 vero
604 787 773 868 inglorium
788 787 888 848 adhuc
899 791 1005 871 fuisse,
1024 798 1095 860 ideo

52 890 140 946 panna
151 872 241 947 atta,
262 875 298 934 id
315 890 374 950 est,
389 897 456 934 non
470 876 566 956 picta,
586 875 794 956 quianullum
809 875 956 938 haetenus
968 885 1095 963 praecla·

54 975 108 1014 rum
120 959 265 1034 facinus,
280 983 347 1042 quo
361 963 507 1044 pinxisset
520 962 674 1042 elypeum.

84 1044 143 1126 549.
159 1047 307 1110 Adhibet
315 1050 379 1132 jam
393 1051 558 1110 discrimen
571 1053 652 1110 inter
661 1051 845 1112 Helenorem
857 1064 886 1111 et
895 1055 1021 1136 Lycum.
1035 1062 1096 1122 He.

55 1130 127 1191 lenor
141 1137 308 1216 gloriosus
321 1141 355 1198 in
367 1137 428 1198 hoc
440 1138 537 1213 bello,
550 1141 651 1220 Lycus
667 1137 814 1198 inferior:
830 1139 879 1198 sed
893 1143 978 1220 prius
991 1145 1028 1204 de
1040 1150 1099 1208 He·

55 1217 159 1300 lenore3
182 1225 256 1302 hic,
279 1229 339 1288 ubi
361 1251 392 1288 se
412 1227 493 1287 vidit
510 1230 590 1288 inter
609 1227 733 1288 infinita
752 1227 888 1288 hostium
909 1236 1047 1311 agmina,
1069 1251 1099 1298 et

56 1311 206 1376 adversum
227 1340 261 1378 se
287 1332 335 1378 tot
356 1317 490 1378 millium
514 1331 676 1400 praetentas
698 1319 853 1398 cuspides,
876 1323 981 1379 statuit
1001 1327 1097 1386 vitam
1159 1389 1162 1396 ,

56 1403 186 1477 ptaeclare
193 1406 380 1468 divendere.
390 1406 674 1487 ltaque,quadensi
684 1405 885 1480 hostes,illuc
893 1413 1099 1483 ruere,immo

56 1491 161 1566 umere,
176 1518 259 1556 nam
273 1519 346 1558 cum
361 1495 488 1556 illorum
502 1497 604 1556 clade:
618 1519 678 1576 qua
691 1509 776 1556 tensa
785 1495 861 1571 tela,
875 1495 950 1558 illuc
962 1500 1098 1580 tendere3

56 1591 83 1635 ut
95 1583 209 1643 nobilis
221 1585 312 1659 fera,
327 1605 395 1666 quae
408 1598 552 1666 consepta
565 1584 704 1665 undique
714 1597 898 1644 venatorum
910 1587 1015 1664 turba,
1025 1589 1106 1650 furit

58 1685 152 1730 contra
167 1674 253 1748 tela,
270 1675 368 1736 insilit
381 1675 673 1750 contra'venabula,
687 1675 796 1734 mortis
808 1693 870 1732 suae
883 1676 1100 1748 scientissima:
1162 1689 1163 1696 ’

57 1758 125 1816 nulli
140 1765 230 1842 euim
247 1767 346 1824 acrius
359 1776 516 1846 pugnant,
532 1784 626 1844 quam
640 1765 734 1843 quise
748 1762 829 1820 mori
844 1775 925 1822 certo
940 1767 1050 1828 sciunt.

92 1849 154 1910 556.
166 1855 281 1935 Pergit
294 1856 431 1914 narratio
445 1854 483 1913 ad
498 1856 630 1936 Lycum,
644 1854 697 1933 qui
709 1851 820 1912 melior
833 1853 1001 1932 Helenore,
1016 1860 1101 1940 pedi·

59 1931 107 1994 bus
119 1941 255 2016 scilicet,
270 1964 337 2002 non
353 1945 483 2002 virtute:
505 1945 610 2024 itaque
622 1944 724 2000 statim
739 1941 848 2022 fugam
863 1947 1005 2024 capessit,
1020 1949 1103 2032 elap-

60 2043 105 2082 sus
115 2027 193 2088 inter
209 2051 301 2090 arma
316 2044 346 2089 et
357 2029 476 2105 hostes,
492 2029 530 2089 ad
545 2051 732 2110 murumque
745 2028 873 2105 accedit,
893 2032 917 2090 si
931 2036 1029 2112 possit
1043 2036 1103 2095 fas-

62 2111 161 2190 tigium
183 2118 355 2200 prendere,
378 2119 533 2178 sociorum
554 2118 673 2178 dextras
695 2120 857 2197 attingere3
884 2117 916 2176 id
943 2133 1043 2201 optat,
1068 2123 1101 2182 id

62 2212 160 2261 certat:
180 2205 239 2264 sed
258 2204 387 2264 fortuna
402 2226 467 2265 non
482 2205 582 2266 adfuit
599 2204 719 2266 imbelli
735 2203 874 2279 homini;
892 2229 965 2266 nam
979 2213 1102 2271 Turnus

61 2305 168 2352 secutus
186 2293 282 2353 illum
297 2309 329 2354 et
348 2317 437 2355 eursu
454 2309 484 2354 et
502 2297 580 2371 telo,
599 2317 674 2356 voce
692 2297 829 2376 primum
844 2297 994 2376 increpat,
1017 2301 1101 2380 quod

63 2375 215 2442 dementer
230 2395 380 2464 sperasset
391 2403 481 2464 posse
493 2404 524 2442 se
539 2383 668 2442 evadere
678 2381 818 2440 hostium
831 2386 1047 2456 manus,inter
1056 2400 1104 2447 tot

64 2460 171 2528 bostes:
196 2491 275 2528 nam
296 2469 371 2550 quid
394 2469 568 2529 dementius
590 2468 647 2528 hac
667 2467 738 2550 spe?
757 2467 869 2526 deinde
882 2469 988 2551 ,ipsum
1007 2493 1104 2535 manu

65 2555 160 2635 arripit
170 2555 361 2638 pendentem
373 2579 389 2616 e
400 2577 505 2632 muro,
516 2559 597 2616 etita
608 2558 793 2638 aspirantem
805 2555 842 2614 ad
856 2555 1000 2635 salutem,
1012 2573 1104 2645 atque

67 2640 127 2700 inde
138 2644 232 2702 illum
245 2645 366 2704 revellit
379 2667 442 2704 una
455 2666 525 2704 cum
537 2646 620 2704 muri
633 2659 733 2726 parte,
748 2644 825 2704 adeo
841 2658 968 2728 uterque
982 2648 1104 2712 fortiter

66 2731 196 2810 arripuit,
205 2733 306 2815 Lycus
318 2753 443 2792 murum
454 2732 492 2790 ad
504 2731 643 2807 salutem,
652 2731 774 2791 Turnus
782 2733 900 2815 Lycum
911 2733 949 2811 ad
960 2739 1101 2799 exitium!

100 2819 161 2879 563.
177 2822 324 2902 Sequitur
334 2821 542 2902 comparatio,
555 2821 634 2878 utin
644 2820 797 2880 Helenore
808 2819 844 2878 ad
857 2822 1004 2901 gloriam,
1017 2829 1060 2885 ita
1070 2829 1104 2888 in

67 2907 138 2987 Lyco
156 2911 198 2970 ad
218 2911 402 2972 infamiam:
424 2932 500 2970 nam
519 2923 717 2990 eomparatur
735 2909 849 2988 lepori,
871 2931 986 2991 cygn0,
1006 2936 1103 2995 agno,

68 2989 128 3056 leris
141 2999 340 3073 imbellibus,
356 3001 479 3058 Turnus
492 2997 603 3078 aquilae
615 3011 646 3056 et
659 2997 753 3076 lupo:
769 3007 804 3053 ut
815 3017 887 3074 ergo
901 2999 1006 3076 aquila
1019 3001 1105 3082 lepo-

68 3101 135 3159 rem,
152 3101 210 3146 aut
222 3107 371 3168 cycnum,
388 3099 423 3145 ut
434 3087 526 3167 lupus
543 3105 659 3164 agnum
671 3108 677 3142 :
697 3086 740 3142 ita
752 3085 874 3142 Turnus
888 3084 1003 3180 abripit
1017 3093 1107 3150 mise·

69 3203 215 3262 Hannibalis
232 3193 374 3282 tempore:
399 3229 480 3282 quum
500 3222 563 3282 post
644 3209 702 3280 559.
726 3212 804 3262 Cursu
823 3206 924 3280 teloque
936 3221 1041 3266 secutus.
1059 3217 1105 3268 Ni.

69 3286 198 3344 Cannense
211 3293 335 3363 praelium
346 3294 372 3343 in
384 3305 563 3343 tautaneees·
608 3293 689 3343 miam
712 3291 767 3357 ejus
792 3287 908 3338 ostendit
929 3291 1106 3364 celeritatem,

70 3369 137 3423 sitate
151 3373 203 3423 fuit
218 3371 283 3422 urbs
297 3371 396 3436 Roma,
413 3383 443 3420 ut
454 3390 488 3422 ne
499 3369 564 3422 libe·
610 3367 839 3442 'quipotuittelum
847 3370 1105 3448 missumeonseqnl:

71 3451 207 3502 tandorum
217 3451 328 3524 quidem
341 3470 478 3502 servornm
491 3450 565 3502 dare·
608 3472 671 3510 uam
682 3449 734 3500 hoc
747 3447 823 3512 dicit,
837 3467 897 3500 cum
907 3455 1043 3522 praemisso
1054 3460 1107 3524 telo

74 3531 240 3585 turfacnltas
610 3529 644 3582 ad
669 3528 773 3578 hostem
794 3533 873 3578 venit.
900 3529 1015 3599 Statius,
1054 3540 1108 3590 «Et

102 3611 155 3666 558.
170 3613 301 3665 Prendere
314 3623 380 3664 tecta
391 3631 480 3664 manu.
494 3613 566 3680 Quia
610 3609 734 3661 emissum
755 3625 835 3658 eursu
855 3613 1046 3680 comprendere
1066 3629 1107 3670 te.

74 3703 127 3743 tunc
141 3695 185 3746 alti
202 3714 258 3746 non
276 3695 448 3760 murmuri,
466 3693 513 3746 sed
530 3692 565 3745 ad
609 3689 673 3741 lum.
685 3712 696 3735 n
708 3689 776 3738 Serv.

72 3771 188 3841 impetum
200 3788 307 3826 tanturn
320 3771 519 3844 repellendum:
536 3785 566 3823 ut
647 3767 705 3820 563.
721 3767 810 3838 Qualis
821 3767 864 3818 uli
872 3781 919 3819 aut
929 3770 1048 3842 leporem,
1058 3779 1107 3830 Pro
1145 3808 1152 3816 .

75 3853 144 3903 etiam
154 3853 296 3906 Sallustius
308 3853 440 3918 ostendit,
452 3853 499 3905 ubi
508 3853 566 3905 Ser·
611 3846 729 3920 qualiter.
751 3846 897 3898 Committit
915 3849 971 3902 lraec
988 3855 1110 3911 Macrob.

75 3932 159 3984 tonum
173 3933 294 3987 humeris
307 3951 357 4004 per
371 3951 460 3984 muros
476 3951 567 3986 asceu-
610 3933 644 3993 V,
665 3943 709 3992 12,
731 3945 791 3977 cum
811 3929 957 3981 llomericis
976 3933 1005 3982 Il.
1025 3935 1105 3987 xxtt.

75 4007 134 4064 disse
143 4023 349 4068 commemorat.
361 4011 428 4066 Serv.
613 4011 647 4059 At
663 4007 787 4076 Scaliger.
799 4009 835 4074 V,
849 4008 878 4072 3,
893 4009 985 4076 docet,
1001 4029 1108 4082 poetam
