2704 4582
240 321 299 384 118
565 311 946 378 COMMENTARIA

277 465 345 526 7⁰²·
361 442 509 501 Numerat
521 435 600 497 duos
618 437 711 510 alios,
734 437 788 518 qui
801 433 956 494 interfecti
969 435 1008 494 ab
1023 435 1098 512 illo,
1120 437 1295 495 Euantem
1308 467 1323 499 2

236 547 267 596 et
284 537 445 594 Mimanta.
472 531 612 589 Primum
633 531 677 588 ait
694 527 787 587 fuisse
805 525 968 608 Phrygium
976 551 987 600 ,·
1008 542 1040 586 et
1059 527 1197 588 fortasse
1225 523 1318 582 ideo

236 627 381 683 Evantem
388 620 531 679 nominat
542 640 548 675 :
561 637 633 676 nam
641 615 768 696 Phrygii
776 613 1141 696 semperbacchabundi;
1153 627 1188 672 et
1198 609 1319 692 Phry-

236 714 300 793 gios
311 709 410 770 modos
420 727 512 768 nemo
526 709 666 788 ignorat,
680 704 856 784 horumque
868 701 1033 763 luxuriam.
1049 705 1096 762 De
1108 703 1215 761 altero
1228 701 1316 758 lon-

237 801 308 880 gior
321 810 366 857 est
377 817 494 856 sermo:
515 809 579 854 erat
589 795 702 853 Mimas
716 792 799 853 filius
811 793 920 873 Amyci
938 805 968 850 et
978 790 1142 864 Theanus,
1161 786 1317 869 aequalis

237 907 304 946 aevo
314 885 432 958 Paridi,
442 883 597 964 huiusque
607 902 708 942 comes
718 903 725 938 :
736 901 809 939 nam
821 901 882 960 qua
892 894 983 938 nocte
993 878 1123 938 Theano
1133 879 1318 937 Mimanta

237 976 375 1056 peperit,
393 974 499 1034 eadem
511 987 602 1032 nocte
613 973 706 1031 Parin
721 971 848 1030 Hecuba
864 967 929 1028 filia
942 970 1049 1028 Cissei.
1067 969 1128 1028 Sed
1141 967 1223 1025 vide
1241 965 1313 1024 fati

237 1066 364 1123 extremi
384 1062 645 1144 inequalitatem:
667 1061 754 1119 Paris
771 1061 804 1118 in
821 1056 912 1138 Troja
934 1058 1100 1132 occubuit3
1122 1057 1250 1116 Mimas
1274 1055 1316 1112 in

238 1151 345 1228 Italia:
360 1153 402 1210 ita
412 1150 528 1210 scilicet
538 1148 665 1209 fortuna
675 1147 865 1206 calamitates
875 1146 991 1205 divisit.
1004 1145 1087 1205 lllud
1098 1145 1138 1203 de
1148 1140 1317 1208 Hecuba,

240 1239 384 1320 quaeface
391 1259 561 1319 proepnans,
577 1234 655 1294 refer
668 1234 706 1293 ad
720 1235 894 1307 somnium,
907 1253 970 1312 quo
981 1235 1046 1291 visa
1059 1247 1104 1291 est
1116 1232 1181 1290 sibi
1194 1230 1316 1289 facem

239 1347 364 1407 parere,
383 1341 413 1385 et
425 1345 496 1384 vere
507 1327 645 1406 peperit3
660 1343 733 1380 nam
745 1323 838 1380 unico
852 1319 970 1380 Paridis
986 1320 1115 1380 flabello
1133 1332 1206 1379 tota
1225 1319 1317 1377 arsit

240 1415 345 1495 Troja.
1089 1425 1093 1432 ·

281 1525 351 1586 7⁰7·
367 1505 438 1562 Non
452 1501 542 1561 facile
554 1501 711 1574 invenias,
727 1521 799 1559 cum
812 1520 874 1580 quo
887 1499 1028 1558 conferas
1046 1512 1187 1558 tractum
1202 1501 1317 1557 istum

240 1596 323 1654 inter
336 1596 445 1652 Poetas
458 1605 512 1651 aut
524 1593 665 1665 Graecos,
680 1603 734 1649 aut
746 1591 890 1648 Latinos:
910 1589 984 1648 latet
996 1609 1071 1671 aper
1083 1589 1119 1647 in
1132 1587 1315 1648 Vesulano

240 1695 363 1755 monte,
376 1693 431 1739 aut
440 1681 606 1739 Laurentia
616 1676 746 1760 palude,
758 1678 813 1736 ubi
824 1676 911 1759 sylva
923 1678 1114 1736 arundinum
1125 1721 1134 1750 ,
1144 1675 1314 1736 undeille

240 1783 363 1852 pastus:
384 1783 460 1828 tunc
475 1772 501 1828 si
516 1790 631 1828 canum
645 1767 800 1827 morsibus
815 1781 845 1826 ct
859 1765 1021 1825 latratibus
1037 1780 1168 1826 eruatur
1182 1787 1199 1824 e
1216 1764 1311 1824 late·

241 1855 308 1915 bris
321 1857 354 1914 in
366 1857 434 1936 ipsa
447 1856 541 1930 retia,
553 1857 690 1936 primum
702 1854 843 1914 subsistit
855 1852 1099 1914 meditabundus
1111 1854 1191 1933 quid
1205 1867 1310 1932 agat3

244 1945 357 2022 deinde
367 1943 506 2004 infremit
512 1966 524 2017 3.
536 1945 663 2004 demum
673 1943 874 2018 inhorrescit,
891 1945 1007 2003 nemini
1018 1965 1092 2003 vero
1103 1957 1311 2003 venatorum

244 2047 299 2092 aut
311 2034 373 2108 ira,
388 2046 442 2092 aut
454 2033 553 2090 virtus
566 2033 675 2092 suadet
687 2053 785 2115 prope
798 2031 956 2106 accedere3
969 2032 1022 2092 sed
1034 2034 1160 2092 eminus
1174 2033 1312 2092 instant

242 2119 371 2200 jaculis,
386 2132 416 2179 et
428 2121 502 2179 tutis
515 2119 714 2182 clamoribus.

245 2273 378 2326 audienda
394 2287 433 2327 est
449 2278 603 2348 praepositio
616 2276 693 2340 nat,
712 2289 743 2329 at
788 2298 804 2330 a
816 2291 906 2350 poeta,
916 2276 1312 2348 quodquumParisinpatria

234 2354 330 2420 diem,
343 2352 407 2408 amai
419 2357 485 2422 poia.
499 2359 539 2408 lta
552 2358 580 2408 in
593 2357 666 2430 Virg.
683 2376 744 2430 syn·
788 2357 971 2423 occubuisset,
985 2376 1040 2410 non
1050 2357 1122 2410 idem
1131 2354 1310 2408 beneficium

244 2435 312 2485 taxis
321 2447 374 2499 est,
385 2457 396 2481 a
406 2449 519 2507 occupat
527 2437 624 2487 faciem
633 2437 667 2488 ad
675 2455 705 2487 os
717 2461 745 2503 a,
789 2440 943 2509 contigisset
957 2437 1093 2500 Mimanti,
1104 2453 1189 2505 quum
1203 2453 1312 2505 aequa-

244 2513 340 2580 idest,
359 2535 392 2566 ea
407 2528 483 2586 parte
500 2517 596 2566 faciem
616 2527 744 2588 occupat,
789 2517 827 2571 les
841 2519 868 2568 in
884 2517 941 2569 aliis
953 2528 1049 2568 essent.
1065 2514 1154 2567 Cerdo.

246 2612 300 2663 qua
314 2607 354 2646 est
366 2613 405 2644 os.
419 2595 508 2647 cerda.
826 2597 886 2667 713.
912 2598 985 2648 Tatis
1009 2595 1172 2646 clamoribus.
1197 2595 1310 2645 Praeter

282 2674 342 2743 706.
354 2675 479 2746 Ignarum
492 2675 605 2726 Laurens
618 2675 745 2728 habetora
788 2677 955 2748 periculum:
970 2675 998 2727 id
1012 2688 1066 2739 est,
1083 2675 1135 2745 ipsi
1148 2675 1207 2724 tuti.
1224 2673 1307 2724 Serv.

246 2753 387 2804 Mimanta.
400 2751 505 2804 Scilicet
517 2771 594 2806 casus
608 2755 650 2804 sui
661 2777 667 2806 :
680 2775 745 2808 vera
788 2755 988 2809 —Clamoribus
994 2755 1097 2806 instant.
1105 2753 1215 2824 Pythius
1222 2751 1309 2822 apud

247 2843 335 2883 tamen
348 2831 428 2883 lectio
443 2843 482 2882 est
494 2833 633 2904 Ignarum,
649 2834 677 2885 id
692 2847 745 2901 est,
789 2837 876 2888 Germ.
890 2835 1044 2899 Valentem,
1056 2835 1120 2884 item
1132 2832 1164 2881 H.
1177 2829 1307 2901 Stepha-

246 2914 410 2983 ignoratum,
431 2913 477 2981 qui
488 2913 636 2964 nesciretur
649 2935 654 2963 :
668 2927 695 2967 et
707 2927 745 2966 est
790 2934 840 2967 nus
861 2917 900 2966 inv
912 2913 1110 2966 schediasmate
1132 2909 1230 2980 Virgil.
1260 2925 1307 2977 et,

248 2993 343 3061 supina
351 2990 518 3064 significatio,
527 2993 595 3042 sicut
602 2993 629 3042 in
640 3007 745 3063 quarto,
792 2998 838 3066 qui
852 2997 936 3047 instar
950 2995 1067 3045 omnium
1082 2991 1149 3043 mihi
1164 3003 1219 3054 est,
1241 2992 1306 3042 Jos.

250 3073 414 3141 «Liquitque
435 3069 543 3123 volatile
562 3071 662 3121 ferrum
680 3073 748 3125 Nes·
792 3073 923 3145 Scaliger,
941 3073 1088 3144 Prolegom.
1106 3073 1135 3121 in
1153 3069 1307 3122 Manilium

248 3153 304 3203 cius
313 3178 323 3197 η
333 3187 340 3213 ,
351 3169 401 3219 pro
412 3173 423 3195 κ
432 3152 478 3220 qui
486 3149 663 3202 nesciebatur.
674 3175 684 3198 n
695 3152 748 3204 Alii
793 3152 937 3205 emendatae
958 3151 1103 3217 Editionis,
1123 3149 1189 3201 huic
1207 3153 1308 3201 versui

247 3229 410 3301 Hypallagcn
417 3230 623 3292 voluntesse,ut
634 3232 747 3283 uMimas
793 3234 919 3284 continue
929 3235 1044 3304 jungunt
1059 3229 1119 3281 illos
1134 3229 1203 3280 duos
1220 3249 1226 3276 :
1251 3229 1308 3280 Ille

248 3310 276 3358 in
284 3309 409 3358 Laurenti
418 3325 464 3358 ora
472 3311 563 3379 ignota
568 3310 746 3375 jaretnServ.
793 3323 880 3362 antem
901 3311 964 3381 imp.
988 3321 1028 3374 et,
1049 3308 1174 3360 Dentibus
1196 3308 1306 3378 infren-

248 3384 445 3436 -Sallustiusz
460 3407 472 3429 a
483 3387 558 3436 More
567 3385 688 3438 humanae
701 3407 749 3438 cu·
793 3391 867 3453 dens,
881 3400 925 3439 etc.
941 3388 1014 3458 quod
1026 3389 1088 3439 fera
1101 3388 1201 3458 magis,
1215 3405 1306 3456 quam

248 3464 348 3538 pidinis
360 3464 449 3536 ignara
461 3465 573 3516 visundi.
587 3489 597 3511 n
610 3467 650 3517 lta
662 3481 688 3518 et
698 3487 750 3520 nes·
793 3470 938 3533 Mezentio,
956 3467 1059 3537 judicio
1079 3469 1200 3517 omnium
1216 3484 1303 3518 sano-

249 3545 304 3596 cius
324 3544 428 3613 passive
452 3556 597 3613 usurpatur
619 3565 635 3596 a
655 3546 748 3598 Plauto
795 3565 867 3614 rum,
887 3548 1054 3598 conveniant.
1072 3547 1113 3597 lta
1128 3547 1229 3597 Lucan.
1250 3545 1301 3597 lib.

249 3621 319 3675 Iiud.
335 3623 360 3686 l,
375 3619 407 3673 5:
428 3621 514 3688 «Quae.
530 3624 557 3673 in
574 3623 639 3674 locis
654 3628 749 3676 nesciis
794 3625 846 3677 Vl:
869 3649 880 3671 a
890 3625 932 3677 Sic
948 3625 1061 3696 Libycus
1079 3623 1170 3676 densis
1187 3623 1303 3695 elephas

254 3703 343 3752 nescia
355 3717 401 3769 spe
413 3717 511 3750 sumus.
523 3725 533 3747 n
544 3703 698 3756 -Laurens
707 3705 751 3756 lia·
797 3723 940 3776 oppressus
957 3707 991 3757 ab
1007 3708 1086 3758 armis
1102 3706 1190 3758 Omne
1207 3726 1302 3777 reper—

255 3782 295 3833 bet
306 3797 350 3828 ora
362 3779 501 3830 Mimanta.
518 3780 680 3852 Conquestio
695 3785 750 3836 fre·
796 3801 901 3835 cussum
929 3785 1062 3855 squalenti
1090 3786 1190 3836 missile
1219 3799 1301 3857 tergo

255 3859 427 3930 quentissima
443 3859 471 3909 in
488 3861 582 3928 poetis.
602 3861 666 3912 Erat
680 3865 750 3914 enim
794 3865 915 3934 Frangit,
940 3876 966 3914 et
988 3863 1117 3917 haerentes
1139 3877 1215 3916 mota
1235 3878 1300 3916 cute

252 3939 431 3988 tristissimum
454 3938 612 3989 occumbere
631 3939 711 4011 longe
734 3961 750 3993 a
794 3939 902 3994 discutit
913 3942 1035 3994 hastas.»
1055 3944 1087 3994 Et
1098 3946 1159 4012 jure
1177 3943 1243 3994 mihi
1257 3946 1301 3995 fe·

254 4018 354 4090 patria:
367 4015 428 4068 inde
439 4019 529 4086 itaque
538 4018 663 4084 quaesitus
671 4019 750 4070 dolor
795 4021 861 4072 cisse
872 4019 1008 4085 videntum
1026 4040 1093 4092 pace
1105 4023 1190 4073 nostri
1203 4021 1300 4073 Cerdae
