2720 4588
224 205 285 285 24s
551 201 933 268 couttnsrtntt

223 340 257 386 tu
270 328 387 402 verius,
403 346 496 407 quam
511 324 582 400 illa,
600 325 718 384 fecisti:
736 345 826 405 ergo,
840 327 865 384 si
880 339 910 385 te
930 338 1071 407 agentem
1091 341 1200 386 contra
1215 327 1270 386 de·
1348 375 1349 378 ,

221 436 329 476 corum
342 432 371 476 et
383 416 445 476 fata
458 437 514 498 ego
530 417 594 496 ipse
609 415 744 495 pertuli,
757 437 812 474 cur
830 436 896 475 non
912 430 946 476 tu
958 416 1082 476 tandem
1098 416 1268 476 inflectaris

222 505 299 562 meis
316 502 477 585 precibus?
492 524 549 562 cur
569 522 633 562 non
647 501 713 580 jam
735 501 874 568 desinas?
895 516 995 562 curte
1014 524 1145 584 magnus
1167 503 1269 562 exedit
1348 581 1349 584 Ἴ

223 591 372 668 dolor„et
387 593 514 674 quidem
531 591 677 651 tacitam?
694 593 791 651 immo
809 595 898 652 tristes
912 606 967 652 tuce
985 614 1061 653 cunr
1077 591 1270 654 recursentad

222 701 268 738 me
278 701 351 762 soepe
362 703 397 740 ex
408 679 487 740 dulci
498 693 546 740 tuo
560 701 624 752 ore3
638 679 670 737 id
686 691 745 754 est,
759 699 814 760 age
825 701 963 756 mecum,
975 694 1009 741 ut
1022 681 1137 761 conjux
1149 694 1179 740 et
1192 699 1267 740 cum
1348 687 1349 752 ᾗ

221 767 367 850 conjuge;
388 770 536 851 deferque
552 769 592 828 ad
612 789 663 828 me
682 769 822 850 querelas
840 785 909 830 tuas
924 785 955 830 et
972 793 1075 847 curas,
1095 787 1129 831 ut
1150 770 1268 846 solent,

221 858 354 936 quivere
368 873 488 918 amant:
503 859 568 916 haec
581 858 663 916 enim
677 878 723 915 res
736 855 815 915 mihi
831 859 890 916 erit
904 857 1092 918 dulcissima.

262 947 330 1005 803.
342 949 413 1007 Post
423 949 614 1030 peramicam
625 946 891 1022 admonitionem,
901 945 967 1028 jam
984 948 1109 1008 tandem
1123 947 1269 1028 luppiter

222 1056 294 1095 cum
307 1039 453 1119 imperio,
470 1060 510 1097 ne
526 1039 565 1097 sit
582 1037 667 1097 locus
681 1038 944 1116 tergiversationi,
958 1051 987 1096 et
1007 1040 1097 1120 quasi
1113 1039 1268 1096 rationem

221 1121 331 1183 reddat
354 1140 446 1186 tantae
468 1126 657 1199 severitatis,
678 1147 749 1184 cum
770 1147 832 1206 qua
855 1127 1007 1205 imperat,
1028 1127 1177 1207 proponit
1202 1121 1269 1198 illi,

224 1230 293 1288 quse
309 1209 419 1273 fecerit
433 1217 498 1296 ipsa
511 1226 618 1294 eontra
628 1211 748 1294 justum
763 1226 792 1272 et
805 1213 871 1272 fas:
891 1213 1014 1292 agitasti
1025 1211 1176 1292 Trojanos
1186 1222 1269 1269 terra

222 1313 252 1360 et
276 1307 374 1379 mari3
397 1307 566 1366 accendisti
587 1303 753 1364 infandum
771 1303 912 1378 bellum3
934 1302 1113 1364 deformasti
1134 1302 1268 1362 domum

223 1388 327 1449 Latini
339 1405 385 1450 tot
397 1392 573 1468 funeribus3
588 1394 740 1452 miscuisti
755 1393 880 1474 nuptias
894 1390 982 1451 luctu
999 1404 1029 1450 et
1038 1391 1205 1470 sanguine3
1223 1388 1270 1448 fe-

222 1478 291 1537 cisti
309 1493 356 1539 tot
374 1484 505 1556 atrocia,
521 1503 571 1541 me
590 1481 823 1542 dissimulante:
838 1479 913 1562 quid
932 1501 1004 1561 ergo
1018 1481 1147 1554 mirum,
1162 1479 1186 1538 si
1200 1475 1268 1557 jam

221 1586 325 1628 severe
338 1571 505 1652 imperem?
523 1571 640 1658 ulteriqs
662 1585 769 1632 tentare
786 1586 858 1632 veto.
878 1571 923 1630 Ad
944 1585 1008 1630 tarn
1030 1567 1146 1652 grande
1165 1569 1267 1648 impe-

220 1658 303 1716 rium
316 1661 333 1718 J
337 1682 400 1721 uno
414 1661 535 1737 vultum
545 1659 706 1737 submisit,
721 1675 813 1743 atque
827 1664 870 1722 ita
882 1659 996 1722 futurae
1009 1661 1160 1720 orationis
1175 1654 1266 1716 habi·

222 1759 289 1804 tum
304 1748 450 1810 ostendit.

163 1850 167 1860 “
259 1835 326 1892 808.
343 1837 411 1894 Non
425 1835 571 1912 voluntas,
585 1837 636 1896 sed
649 1836 783 1898 voluntas
795 1859 918 1918 magna,
931 1837 1076 1897 videlicet
1087 1833 1125 1894 ad
1138 1835 1265 1914 signan-

220 1919 294 1980 dum
305 1921 422 2002 grande
438 1925 517 1985 illud
530 1929 711 2008 imperium,
726 1926 845 1988 ulterius
858 1941 965 1987 tentare
977 1941 1056 1988 veto:
1068 1945 1142 2005 ergo
1158 1923 1201 1984 ait
1212 1924 1265 1980 Ju-

220 2031 278 2084 ne,
297 2033 395 2092 quum
408 2017 533 2091 scirem,
552 2029 582 2076 te
597 2039 662 2076 non
675 2016 784 2076 leviter
803 2016 835 2074 id
850 2015 943 2092 velle,
958 2015 1062 2098 reliqui
1081 2019 1228 2084 Turnum,
1241 2023 1270 2068 et

223 2110 325 2174 terras,
337 2107 478 2182 quamvis
491 2107 590 2164 invita.
605 2107 742 2186 Respicit
756 2107 789 2164 in
802 2103 860 2164 hac
872 2105 1012 2164 abitione
1023 2103 1062 2162 ad
1073 2100 1169 2176 illud,
1181 2096 1267 2182 quod

220 2193 375 2267 praecessit
388 2195 419 2250 in
433 2192 492 2254 hoc
505 2194 587 2254 libro
597 2218 605 2269 ;
617 2197 658 2254 sic
670 2187 822 2255 exhortata
837 2193 955 2276 reliquit
968 2197 1123 2254 incertam:
1140 2187 1269 2268 adjicit,
1348 2237 1349 2242 ,

222 2290 258 2335 ut
272 2279 358 2339 Jovis
374 2283 514 2342 animum
527 2282 723 2343 demereatur
738 2307 744 2342 :
761 2305 799 2342 an
808 2329 818 2357 ,
831 2285 889 2344 nisi
905 2297 957 2342 tua
974 2281 1131 2355 voluntas,
1145 2291 1267 2360 paterer

222 2374 270 2424 tot
283 2367 432 2448 indigna?
444 2373 579 2432 sederem
599 2373 699 2431 otiosa
713 2374 745 2430 in
760 2370 818 2446 hac
830 2370 932 2430 nube?
944 2392 1051 2430 annon
1063 2369 1167 2450 potius
1180 2365 1268 2424 ilam-

221 2455 282 2513 mis
301 2458 400 2538 cincta
417 2459 450 2515 in
463 2460 529 2538 ipsa
547 2472 659 2520 starem
674 2463 752 2534 acie,
764 2473 793 2520 et
804 2462 938 2520 Teucros
956 2456 1110 2518 traherem
1130 2457 1163 2514 in
1181 2451 1268 2512 mille

222 2543 327 2604 clades
339 2545 431 2604 hetti?

262 2633 329 2692 813.
345 2635 470 2692 Fatetur
476 2632 540 2712 jam
549 2636 632 2692 Juno
646 2655 715 2713 quae
726 2637 832 2692 fecerit
842 2637 874 2690 in
887 2633 1142 2712 gratiamTurni3
1152 2629 1267 2690 abnuit

222 2743 291 2805 quae
309 2743 374 2782 non
386 2721 511 2795 fecerit3
530 2743 603 2780 nam
622 2719 689 2780 haec
709 2721 772 2780 duo
784 2721 930 2800 luppiter
942 2719 1105 2798 objecerat.
1119 2720 1209 2793 Feci,
1231 2732 1267 2778 ut

221 2815 354 2872 Juturna
366 2823 557 2869 succurreret
558 2809 666 2892 fratri,
679 2822 708 2867 et
721 2809 823 2866 misero
833 2828 839 2862 ι
850 2821 1016 2886 utrumque
1024 2811 1161 2885 ἐμφατικῶς
1172 2827 1178 2863 :
1191 2828 1267 2866 nam

222 2904 271 2962 cui
286 2898 551 2974 subveniendum,
564 2900 590 2957 si
603 2919 668 2956 non
678 2897 782 2969 fratri,
797 2908 825 2953 et
838 2895 870 2952 in
883 2894 1026 2953 miseria?
1041 2908 1070 2954 et
1082 2893 1204 2974 probavi
1211 2941 1220 2970 ,
1235 2909 1267 2956 ut

223 2991 336 3076 majora
354 2987 469 3050 auderet
478 3007 530 3068 pro
548 2989 608 3046 vita
624 2986 727 3044 fratris
742 3007 748 3042 :
768 2985 891 3064 respicit
905 2981 1050 3058 illud3-tu
1059 3005 1112 3064 pm
1125 3005 1266 3064 germano

219 3083 243 3138 si
255 3077 327 3162 quid
335 3077 502 3158 presentior
513 3072 616 3146 audes,
630 3071 660 3129 id
675 3084 732 3144 est,
749 3073 772 3130 si
784 3071 861 3153 quid
872 3069 972 3152 majus
985 3085 1015 3131 et
1026 3073 1197 3142 maximum
1207 3095 1215 3147 3
1226 3093 1265 3130 en
1340 3119 1345 3136 ,

179 3195 181 3199 ’
222 3169 400 3230 confessio:
422 3165 562 3245 sequitur
581 3161 739 3220 abnutus:
761 3177 793 3220 ut
811 3163 876 3243 ipsa
889 3165 1005 3223 AEnean
1027 3175 1216 3242 percuteret3
1230 3173 1265 3221 ut

222 3262 257 3319 in
277 3257 340 3316 acie
359 3275 389 3312 se
402 3262 589 3324 ostentaret,
604 3250 734 3308 minime
754 3251 855 3309 suasi:
875 3252 954 3331 ipsa,
974 3270 1024 3308 me
1041 3269 1105 3308 non
1119 3249 1263 3330 jubente,

221 3346 294 3406 fecit
308 3341 452 3420 sagittam
461 3336 501 3397 ab
515 3339 632 3397 incerto
646 3338 726 3396 mitti
736 3331 860 3397 :firmat
873 3337 934 3398 hoc
944 3337 1123 3418 juramento
1138 3336 1263 3419 paludis

219 3433 347 3516 stygias,
363 3426 447 3507 quod
466 3448 566 3486 unum
579 3439 719 3508 superest
731 3428 797 3486 Diis
815 3426 1060 3500 immortalibus,
1076 3425 1146 3484 aliis
1162 3424 1259 3484 aboli-

221 3525 260 3584 tis
274 3545 281 3580 :
293 3539 349 3580 nec
363 3515 466 3576 solunt
478 3514 582 3577 firmat
591 3517 783 3596 juramento,
796 3516 848 3578 sed
863 3531 893 3576 et
904 3538 936 3576 re
948 3518 1015 3597 ipsa
1027 3539 1033 3574 ι
1045 3537 1134 3592 nam,
1146 3529 1175 3576 et
1185 3533 1262 3576 nunc

221 3613 289 3675 cedo
301 3604 446 3690 equidem,
458 3626 628 3686 pugnasque
637 3627 722 3666 exosa
735 3605 875 3689 relinquo.

257 3761 316 3814 810.
336 3755 414 3808 Aeria
432 3753 495 3805 sede.
514 3753 619 3806 Nubem
638 3754 716 3822 dixit,
764 3768 935 3810 accusaverat
948 3756 1079 3826 luppiter.
1097 3755 1166 3826 Ergo
1185 3751 1259 3826 argu-

222 3843 284 3918 quia
295 3833 498 3909 supradixerat,
512 3834 606 3887 «fulva
613 3855 716 3908 pugnas
763 3849 851 3888 mento
869 3835 1004 3888 verisimili
1018 3837 1114 3902 utitur,
1130 3834 1206 3904 quasi
1221 3831 1258 3883 di-

222 3923 255 3982 de
275 3918 346 3972 nube
364 3927 482 3970 tuentem
493 3937 521 3967 r:
542 3933 605 3970 nam
620 3929 647 3970 et
664 3916 717 3970 hot:
763 3930 820 3985 cat,
834 3935 889 3968 non
904 3917 1005 3970 faceres
1017 3915 1104 3969 sulum
1114 3925 1144 3966 ut
1157 3926 1264 3987 specta-
