2742 4596
261 295 325 376 434
623 293 687 356 ne
710 293 940 358 wnornn

260 418 389 500 brogius
399 412 659 496 aliundepetiisse
669 417 1007 500 videtur,quamquam
1017 419 1042 478 is
1052 418 1158 502 ipsum
1169 421 1301 486 codicem
1353 411 1354 416 ἵ

261 507 444 588 excerpsisse
458 503 552 564 videri
567 505 642 566 vult.
655 505 816 582 Quantum
828 506 955 588 quidem
967 508 1058 570 nobis
1067 507 1216 590 judicare
1227 513 1302 590 licet,

260 618 278 656 a
289 595 417 656 librario
428 592 517 654 valde
527 592 654 654 indocto
664 609 695 654 et
705 595 743 654 ab
754 596 896 676 exemplo
907 596 1025 658 nullius
1038 597 1115 658 boni
1125 601 1226 662 critici
1239 622 1301 682 ope

260 707 295 748 ra
309 679 474 744 emendato
485 682 614 762 scriptus
626 693 684 756 est3
698 704 761 763 quo
774 696 880 758 tamen
894 685 963 766 ipso
976 683 1051 744 fides
1064 686 1091 745 ei
1105 698 1199 746 tanto
1212 686 1301 769 major

260 771 393 844 accedit3
408 769 467 828 nisi
482 767 565 848 quod
577 789 658 850 stepe
672 769 907 850 glossematibus
921 773 1153 838 contaminatus
1166 787 1229 850 est,
1240 797 1265 834 v.
1278 797 1299 836 c.

259 866 314 925 Ge.
329 862 383 934 IV,
396 857 471 934 482,
482 857 551 934 488.
569 860 720 940 Expertus
731 861 826 923 etiam
843 875 888 922 est
901 883 1031 927 manum
1050 863 1303 940 emendatricem,

258 964 391 1014 testante
407 950 547 1010 Bottario
560 951 592 1008 in
606 948 693 1030 praef.
710 949 794 1010 laud.
812 973 842 1033 p.
856 953 936 1012 XXI.
950 953 997 1012 ad
1012 950 1247 1036 orthographiae
1258 975 1301 1015 ve·

259 1042 332 1104 teris
347 1036 570 1100 reconditiores
587 1039 724 1100 rationes
740 1059 813 1100 usus
827 1037 893 1118 ejus
908 1037 1095 1122 permagnus
1110 1062 1178 1104 esse
1193 1055 1302 1128 potest,

215 1141 216 1144 ’
258 1146 290 1194 et
307 1139 460 1212 provocat
479 1126 646 1207 aliquoties
666 1127 705 1186 ad
725 1148 797 1190 eurn
815 1127 911 1193 Aldus
926 1129 960 1190 in
978 1128 1061 1190 libro
1081 1129 1120 1190 de
1138 1129 1302 1214 Orthogra·

255 1221 342 1305 phia.
358 1217 498 1278 Omnino
513 1213 666 1276 diversant
686 1237 704 1274 a
723 1215 865 1277 Mediceo
884 1218 1040 1278 rationem
1058 1221 1216 1302 sequitur,
1230 1241 1258 1280 v.
1277 1240 1302 1280 c.

257 1314 293 1378 in
306 1318 419 1390 quarto
431 1323 503 1362 casu
517 1323 572 1383 per
583 1323 625 1376 es,
638 1316 674 1362 ut
684 1315 808 1376 montes,
819 1301 918 1378 urbes‚·
930 1303 1070 1387 adeoque
1080 1307 1177 1368 etiam
1188 1309 1222 1368 in
1233 1305 1301 1383 hoc,
1353 1311 1354 1406 p

257 1397 309 1462 sed
329 1393 429 1456 multo
445 1391 543 1472 magis
560 1392 592 1450 in
610 1392 675 1472 ipsa
689 1389 838 1466 lectione,
858 1411 946 1452 suam
961 1392 1113 1456 familiam
1131 1395 1237 1458 ducit:
1254 1395 1301 1456 de-

258 1487 407 1566 duxitque
424 1500 482 1542 noa
500 1476 606 1539 sedula
622 1477 800 1540 observatio
817 1480 942 1541 tandem
955 1501 1010 1555 eo,
1024 1494 1059 1544 ut
1078 1485 1213 1544 omnino
1230 1482 1301 1546 duas
1353 1485 1354 1560 l

258 1574 401 1638 codicum
414 1567 564 1642 familias,
578 1565 687 1628 saltem
700 1568 733 1626 in
745 1567 886 1644 AEueide‚
899 1566 1221 1652 deprehenderemus,
1234 1571 1302 1634 alte-

256 1683 325 1736 ram
337 1658 550 1744 Apronianum
561 1654 618 1735 (de
630 1675 692 1735 qua
704 1653 813 1736 paullo
825 1657 913 1738 post)
925 1655 1064 1720 Mediceo
1080 1673 1225 1735 auctore3
1235 1661 1302 1721 alte·

255 1745 633 1820 ramaheodircrsam,in
642 1745 1300 1826 quaprincepsestRomanus,s.Vaticauus.
1351 1779 1352 1782 ¹

295 1857 349 1918 lll.
365 1854 468 1916 Coras
482 1853 736 1926 eaeremoniis.
752 1851 1095 1918 renuntiantem
1109 1857 1301 1920 membrana·
1353 1921 1354 1942 ,

255 1968 347 2022 oeus,
367 1947 517 2028 scripnrra
535 1945 701 2017 continua,
719 1943 912 2020 uncialibus,
935 1965 1010 2026 quas
1024 1947 1184 2008 flottarius
1198 1963 1301 2022 vocat,
1353 1951 1354 2016 l

255 2056 308 2098 seu
328 2034 446 2108 renus,
465 2029 653 2114 capitalibus
676 2026 893 2092 nuticioribus
914 2031 1012 2093 literis
1033 2033 1136 2094 nitide
1154 2037 1301 2118 scriptus,

253 2121 412 2197 Bucolica,
426 2119 593 2200 Georgica,
606 2131 637 2179 et
649 2119 809 2180 AEueidem
821 2121 1018 2203 complexus,
1030 2121 1085 2182 sed
1096 2125 1211 2186 misere
1221 2137 1302 2186 trun-

254 2226 341 2278 catus
355 2223 385 2272 ct
395 2208 478 2271 foede
491 2230 623 2282 arrosus.
638 2210 684 2270 De
699 2230 736 2270 oo
751 2209 815 2272 vid.
829 2212 948 2272 Bostar.
963 2211 1050 2292 pref.
1067 2211 1106 2272 ad
1121 2212 1236 2294 fragm.
1248 2217 1302 2278 Va·

252 2304 307 2364 tic.
321 2321 352 2380 p.
363 2321 382 2359 v
397 2310 427 2359 et
440 2295 505 2376 xvj,
520 2299 575 2377 qui
589 2309 619 2356 et
631 2298 790 2379 specimen
801 2299 917 2360 codicis
931 2298 1017 2360 dedit
1031 2321 1062 2380 p.
1074 2299 1093 2359 3
1105 2302 1302 2382 repetitnma

252 2389 459 2456 Benedictinis
472 2388 531 2446 PP.
541 2388 575 2446 T.
591 2387 648 2462 111,
664 2409 695 2468 p.
712 2388 766 2462 63,
781 2389 845 2448 tab.
856 2390 978 2450 XXXV.
989 2388 1043 2448 Est
1058 2390 1085 2450 is
1096 2390 1212 2450 merito
1227 2393 1303 2452 inter

253 2477 486 2558 antiquissimos
500 2470 674 2534 habendus.
684 2473 731 2536 ad
743 2476 784 2536 lV
795 2477 886 2536 autV
895 2495 964 2534 saec„
979 2477 1076 2556 vulgo
1088 2475 1234 2538 refertur.
1244 2477 1303 2554 Qui

253 2566 459 2649 proferuntur
470 2584 489 2623 a
497 2563 635 2622 Bostaris
645 2561 713 2621 bini
725 2583 830 2624 versus
840 2583 877 2622 ex
887 2563 1000 2645 Georg.
1010 2564 1053 2624 lll
1067 2584 1114 2644 pr.
1126 2564 1211 2628 binis
1223 2567 1302 2628 vitiis
1352 2551 1353 2594 ³

252 2654 373 2718 librarii
386 2664 459 2712 aunt
467 2652 683 2711 contaminati.
694 2653 787 2714 Hunc
796 2651 934 2712 codicem
944 2650 1153 2732 Heidelberga
1162 2673 1239 2716 cum
1251 2657 1303 2716 Pa·
1351 2669 1353 2776 p

251 2744 351 2808 latina
366 2736 560 2802 bibliotheca
571 2741 605 2800 in
615 2741 799 2801 Vaticanum
812 2761 843 2800 se
857 2740 1013 2802 advexisse
1025 2755 1135 2802 narrat
1148 2743 1215 2804 [eo
1227 2743 1303 2806 Alla-

250 2837 312 2895 tius
322 2825 813 2908 induimadverss.in1nghirami
823 2827 933 2909 fragm.
944 2829 1071 2909 Antiqq.
1078 2829 1204 2892 Etrusc.
1212 2854 1246 2915 p.
1258 2833 1303 2896 58.

250 2923 296 2984 nd
313 2921 379 3002 ejus
394 2917 488 2978 fidem
498 2917 623 2997 Virgilii
640 2937 734 2998 opera
753 2919 788 2978 in
806 2915 995 2999 bibliopolio
1010 2919 1269 2984 Commeliniano
1286 2942 1304 2984 a

252 3014 343 3093 1589,
358 3008 433 3089 1599
447 3017 478 3066 et
492 3006 566 3066 1603
580 3027 690 3066 excusa
702 3021 789 3082 sunt,
803 3006 871 3083 sed,
885 3006 994 3068 eodem
1004 3007 1122 3070 allatio
1135 3026 1302 3086 mouente,

250 3122 318 3164 non
325 3100 410 3160 bona
422 3095 501 3157 lide:
514 3109 557 3169 et,
570 3096 596 3153 si
606 3094 704 3154 codex
714 3109 779 3156 tam
791 3097 920 3158 mutilus
929 3107 988 3173 est,
998 3111 1034 3158 ut
1046 3097 1164 3177 fertur,
1176 3099 1303 3164 aliunde
1351 3177 1352 3182 η

251 3185 406 3269 suppleta.
415 3184 602 3242 Varietatem
617 3201 653 3241 ex
667 3203 704 3242 ea
719 3183 856 3244 editione
867 3185 981 3266 passim
998 3185 1038 3246 ab
1053 3188 1187 3250 Heinsio
1199 3190 1304 3252 notari

249 3272 369 3347 videas,
382 3285 412 3330 et
423 3291 460 3329 ex
471 3271 541 3351 ipso
554 3268 661 3330 codice
670 3271 710 3330 ab
724 3269 897 3352 Ambrogio
912 3273 945 3330 in
958 3293 1079 3353 nupera
1092 3273 1236 3340 editione
1245 3279 1302 3340 llo·

249 3379 353 3420 mana.
367 3357 424 3418 Sed
439 3377 509 3417 curn
526 3355 576 3418 hic
588 3356 715 3439 quidem
730 3362 774 3420 rei
787 3361 900 3421 criticae
912 3362 1008 3420 nimis
1024 3361 1191 3444 imperitus
1206 3364 1303 3426 homo
1351 3353 1352 3364 ¹

250 3451 304 3523 sit,
318 3445 380 3507 fide
394 3443 459 3525 ejus
472 3466 584 3527 parum
598 3449 673 3507 atari
687 3469 780 3529 posse
796 3451 963 3510 arbitratus
978 3469 1048 3509 sum
1059 3495 1069 3527 ,
1081 3464 1127 3528 et,
1144 3474 1218 3536 quoe
1236 3459 1303 3539 qui·
1351 3471 1352 3474 ’

250 3537 322 3596 dem
334 3533 436 3595 evolvi
451 3547 481 3594 et
494 3539 690 3618 comparari,
706 3560 778 3600 cum
786 3541 935 3602 Vaticano
951 3539 1017 3600 fere
1031 3547 1217 3606 consentire
1229 3547 1302 3607 vidi.

250 3625 343 3685 Nunc
356 3625 389 3683 in
408 3643 491 3683 nora
504 3629 685 3688 recensione
703 3629 803 3710 ipsam
817 3629 985 3691 editionem
1000 3631 1194 3696 Commelin.
1215 3636 1303 3698 adhi-

251 3709 324 3785 bui,
335 3723 367 3769 et
379 3710 451 3770 inde
460 3709 585 3771 Codicis
595 3714 731 3776 Palatini
743 3717 808 3777 n'on
817 3718 1083 3780 contemnendam
1092 3742 1162 3782 esse
1172 3727 1305 3786 auctori·

251 3810 346 3859 tatem
359 3796 550 3879 deprehendi
560 3802 595 3859 in
603 3799 681 3863 libb.
694 3805 844 3882 AEneidis,
859 3807 1002 3889 inprimis
1015 3810 1264 3889 posterioribus.
1351 3851 1352 3946 p

289 3903 341 3962 lV.
358 3904 462 3964 Conna
477 3925 636 3968 nanterus.
654 3911 701 3972 De
717 3934 780 3994 quo
795 3911 893 3974 multa
913 3913 1074 3994 disputata
1094 3930 1170 3977 sunt
1189 3940 1209 3979 a
1229 3919 1298 3978 viris

249 3988 360 4052 doctis.
374 3990 437 4052 rid.
450 3993 551 4054 Noris.
567 3995 601 4053 in
617 3997 789 4081 Cenotaph.
808 4001 869 4061 Pis.
887 4022 919 4082 p.
937 3997 997 4076 430
1012 4021 1063 4086 sq.
1074 4003 1249 4068 Mabillon.
1263 4005 1298 4064 de
1350 3993 1352 4076 l
