2654 4590
227 299 269 368 86
555 297 934 363 ΟΟΜΜΕΝΤΑΒΙΑ

224 423 352 506 Cybeles
368 431 572 482 commutatas
587 423 747 502 scripserat
759 422 908 502 superiori
925 421 1017 480 libro.
1037 423 1120 501 Ergo
1131 421 1290 482 totidem

224 531 309 570 nunc
324 509 492 591 Nymphae,
514 522 590 589 quot
608 507 685 568 olim
702 529 812 584 naves,
833 511 901 591 pari
919 521 1028 570 natatu
1042 511 1144 572 AEneae
1160 530 1291 570 occur*

224 613 315 672 runt,
330 599 368 658 ad
381 597 444 678 ejus
457 599 596 658 carinam
609 597 793 656 accedentes.

224 741 226 746 .
265 685 332 764 224.
345 691 524 766 Agnoscunt
532 689 647 767 quippe
657 707 761 766 regem
773 707 879 758 suum,
890 683 1136 766 ejusquenavem
1145 683 1292 744 lustrant

224 775 352 850 choreis,
365 778 466 849 idest,
481 779 689 851 circumeunt3
705 791 736 834 et
746 776 816 834 ideo
828 773 938 836 choreis
943 823 952 850 ,
966 779 1040 857 quia
1049 796 1141 856 supra
1151 773 1287 835 choms.

264 865 331 924 225.
346 865 484 926 Celebrat
499 865 707 944 eloquentiam
719 863 938 944 Cymodoceae3
954 885 1022 944 quae
1036 865 1135 924 tenuit
1147 884 1164 922 a
1176 877 1285 942 tergo

223 952 324 1015 AEneae
342 957 475 1035 puppim
491 954 597 1012 dextra
609 975 723 1025 manu;
742 973 777 1012 ac
790 953 883 1012 simul
901 975 972 1012 cum
984 975 1062 1012 nave
1078 949 1287 1025 adnatabat,

224 1039 319 1100 dorso
332 1043 365 1100 in
377 1044 464 1124 aquis
477 1048 633 1102 eminens:
649 1043 772 1101 sinistra
784 1044 1039 1106 tantumuatatui
1051 1043 1214 1102 serviente.

263 1131 330 1190 228.
345 1132 493 1210 Ignarum
506 1129 648 1207 videlicet
662 1140 832 1204 successus,
848 1144 878 1190 et
892 1128 1177 1210 metamorphoseos
1192 1124 1286 1186 allo·

223 1217 336 1296 quitur.-
357 1209 390 1277 iri
409 1218 470 1278 hoc
488 1218 583 1278 verbo
603 1221 682 1277 inest
703 1217 910 1293 lenocinium,
935 1232 964 1276 et
982 1217 1162 1278 blanditia:
1186 1214 1286 1274 illud

223 1307 416 1388 Denmpens,
431 1307 549 1369 dictum
563 1307 720 1366 luculenta
733 1305 841 1380 laude,
857 1308 930 1387 quia
943 1309 1051 1367 AEneas
1063 1310 1180 1368 Heros:
1198 1323 1283 1384 quae
1312 1299 1314 1303 ’

223 1391 275 1454 hio
288 1393 455 1476 devigilia,
465 1397 565 1456 dicam
575 1395 657 1456 infra
669 1397 703 1454 in
715 1395 798 1454 notis
810 1417 817 1452 ε
831 1393 907 1453 illud
917 1393 1283 1464 velisimmitterudentcs,

224 1479 263 1538 ad
274 1479 483 1542 hortationem
494 1484 647 1563 pertinet3
666 1484 755 1564 quasi
766 1481 848 1541 dicat
859 1505 866 1540 ι
882 1501 922 1540 ne
933 1479 1050 1562 impedi
1060 1500 1149 1540 mora
1160 1480 1283 1561 aliqua

224 1583 313 1628 tuum
327 1593 447 1631 cursum
459 1593 467 1644 3
483 1571 628 1632 incumbe
641 1584 725 1632 totus
738 1573 771 1630 in
783 1572 1027 1650 navigationem.

263 1657 329 1718 230.
349 1661 455 1739 Aperit
466 1680 642 1722 successum
653 1681 661 1718 t
680 1659 767 1720 vides
780 1679 836 1718 nos
848 1655 1028 1739 Nymphas?
1043 1677 1148 1716 sumus
1161 1653 1277 1714 classis

223 1761 291 1818 tua,
303 1749 432 1826 etpinus
442 1753 528 1808 sectae
538 1749 577 1808 ad
587 1749 711 1830 navigia
721 1769 755 1806 ex
766 1745 849 1808 ldaeo
859 1761 981 1808 monte:
993 1745 1110 1804 dumtu
1121 1743 1278 1818 abfuisti,

222 1833 323 1896 voluit
342 1855 399 1894 nos
417 1837 538 1896 Turnus
560 1836 664 1916 gladio
679 1849 813 1910 vastare,
836 1835 968 1896 flammis
987 1831 1167 1894 absumere:
1192 1832 1276 1892 tulit

222 1921 282 1980 hoc
295 1913 423 2002 indigne
436 1923 566 2005 Cybele,
585 1946 705 2006 nosque
717 1927 749 1986 in
766 1924 847 1984 hanc
861 1923 996 1984 formam
1013 1923 1182 1995 convertit,
1203 1943 1275 2004 qua

223 2023 253 2069 te
265 2031 320 2091 per
331 2011 428 2070 undas
442 2015 624 2092 quaerimus,
640 2011 729 2073 factae
739 2015 810 2072 Deae
822 2013 927 2072 maris.
941 2014 1081 2088 Quanta,
1094 2024 1201 2091 putas,
1214 2009 1275 2068 ad-

222 2101 387 2158 miratione
410 2121 565 2161 successus
588 2101 640 2164 hic
665 2104 799 2184 tragicus
820 2104 947 2161 AEneam
969 2099 1127 2161 affecerit?
1155 2100 1273 2159 dicunt

201 2198 204 2205 ’
221 2188 373 2270 Nymphae
381 2194 484 2252 invitas
494 2213 524 2250 se
532 2189 590 2252 hoc
597 2193 716 2267 fecisse,
727 2194 813 2272 quasi
822 2191 1272 2251 lubentissimeministraturae

220 2275 322 2340 AEneae
335 2278 392 2338 sub
411 2280 539 2339 navium
554 2278 672 2354 forma,
694 2278 791 2340 veluti
809 2277 869 2338 hoc
886 2277 1068 2360 praeferrent
1083 2277 1142 2358 ipsi
1160 2275 1271 2336 adhuc

222 2361 391 2424 divinitati.

262 2449 328 2510 236.
350 2452 431 2512 Scire
447 2455 493 2514 vis
512 2455 550 2515 de
568 2457 697 2516 Ascanio
713 2456 790 2516 tuo?
809 2469 932 2516 tenetur
948 2467 1050 2536 septus
1067 2472 1177 2528 mur03
1196 2451 1270 2513 telis

223 2539 391 2614 premitur,
408 2541 524 2600 instant
536 2545 639 2602 Latini
651 2541 734 2602 hello
745 2542 877 2602 horridi.
1014 2605 1017 2612 Α

261 2624 329 2687 238.
349 2629 494 2704 Arcades,
515 2652 593 2711 quos
615 2653 685 2694 cum
699 2633 834 2692 Etruscis
847 2633 1035 2714 praemisistis
1050 2642 1120 2688 aute
1132 2641 1180 2702 te,
1197 2626 1266 2709 jam

220 2713 336 2772 suntin
348 2733 458 2796 campo
471 2723 640 2798 pugnaturi
651 2744 659 2795 ;
677 2741 717 2779 ne
731 2740 805 2780 vero
818 2743 849 2780 se
863 2719 1057 2802 conjungant
1068 2739 1140 2778 cum
1157 2718 1268 2778 castris

220 2800 361 2876 Ascanii,
382 2804 503 2865 Turnus
521 2807 660 2868 medium
678 2830 709 2868 se
724 2810 791 2870 vult
809 2811 1024 2891 interponere,
1045 2805 1167 2867 hostem
1189 2804 1267 2864 hinc

220 2885 293 2948 inde
307 2907 511 2971 separaturus.

257 2974 325 3056 ²4¹·
345 2981 485 3046 Absolvit
503 2983 665 3071 Nympha,
686 2986 763 3071 quid
780 2987 918 3047 facturus
939 2987 1047 3046 AEneas
1065 3003 1100 3041 ex
1118 2979 1264 3062 periculo

255 3117 314 3173 225.
324 3121 472 3178 Doctissima
479 3122 716 3196 Cymodocearoe-
762 3133 837 3201 quasi
848 3131 954 3200 stragi,
965 3141 991 3180 et
1000 3145 1078 3198 quem
1087 3123 1189 3196 ubique
1197 3125 1265 3174 Pon·

217 3200 284 3250 tice:
300 3203 368 3256 sicut
379 3216 405 3254 et
418 3208 530 3258 mutatio
542 3207 602 3276 ipsa
615 3208 716 3260 confin-
760 3210 856 3262 tilicetn
871 3223 897 3262 et
915 3225 1052 3260 sacrorum
1068 3205 1173 3256 inducit
1189 3203 1263 3274 peri·

217 3278 296 3347 gitur.
307 3279 376 3350 Ergo
386 3277 542 3350 doctissima,
555 3301 612 3355 quae
622 3284 715 3338 divini·
759 3301 815 3342 tum
824 3313 830 3341 z
840 3303 866 3341 et
873 3291 941 3342 hene
949 3290 1036 3358 primo
1044 3274 1207 3356 interrogat,
1217 3281 1263 3332 de·

217 3368 260 3406 tus
275 3355 345 3408 hanc
362 3357 509 3414 doctrinam
526 3365 607 3416 fuerit
622 3383 714 3418 conse·
758 3369 822 3418 inde
832 3369 905 3437 quod
917 3368 1009 3438 vigilat
1019 3365 1163 3436 approbat.
1177 3363 1262 3430 Deum

152 3453 158 3466 ·
217 3447 298 3484 outa:
316 3453 377 3487 nam
391 3439 572 3495 stultissimum
586 3456 626 3496 est
641 3445 714 3514 quod
759 3459 924 3518 autemqens,
936 3457 1056 3516 propter,
1068 3467 1079 3490 u
1089 3443 1146 3496 Diis
1158 3442 1260 3512 genite,

217 3512 327 3583 quidam
339 3515 388 3579 ait,
407 3517 499 3570 Ilionei
513 3539 606 3573 navem
617 3525 713 3588 fuisse,
758 3539 785 3578 et
803 3528 925 3597 geniture.
940 3526 1043 3577 Deos.»
1066 3525 1092 3576 S.
1103 3552 1140 3562 -
1150 3522 1180 3577 V
1177 3520 1259 3595 iqilas.

216 3590 436 3646 etideoeamesse
443 3595 620 3651 doctissimam
627 3601 710 3653 fandi.
757 3605 838 3657 ilecto
850 3603 973 3656 dubitat:
989 3623 1051 3656 nam
1067 3617 1174 3673 tempus
1189 3618 1259 3653 som·
1285 3617 1290 3630 ¹

253 3671 312 3720 228.
322 3670 349 3724 V
347 3670 543 3740 ipilasnesteum
546 3696 617 3750 pens.
623 3679 712 3732 Verba
756 3701 834 3748 num,
853 3702 922 3735 cura
936 3683 1040 3756 vigilias
1055 3681 1215 3735 suadebant.
1225 3705 1259 3717 -

215 3761 277 3800 suut
287 3767 423 3800 sacrorum
433 3772 439 3802 :
451 3772 512 3805 nam
522 3758 637 3828 virgines
647 3761 712 3810 Ves-
755 3762 871 3814 Immitto
889 3762 1015 3814 rudentes.
1037 3761 1129 3813 Sermo
1151 3760 1258 3813 ducitur

214 3839 247 3878 tae
259 3839 332 3880 certa
341 3826 383 3880 die
393 3829 469 3908 ibant
480 3832 514 3883 ad
524 3853 610 3906 regem
622 3855 712 3890 sacro·
757 3839 790 3892 sb
811 3860 839 3892 re
861 3842 993 3910 equestri;
1018 3841 1093 3894 navis
1117 3841 1204 3903 enim,
1227 3847 1255 3888 ¹11

214 3923 283 3974 rum,
293 3919 319 3957 et
327 3905 460 3974 dicebant,
470 3911 601 3982 Vipilasne
608 3919 668 3966 rex?
677 3919 718 3974 ab,
756 3937 839 3988 equus
852 3920 949 3983 fraeno,
965 3921 1003 3970 sic
1015 3917 1175 3970 rudentibus
1187 3915 1255 3987 regi·

211 3983 710 4060 pila.QuodVirgiliusjuredatAEneae,
754 4007 806 4048 tur.
822 3995 908 4048 Cerdo.
