2726 4592
521 302 730 370 LAUDES.
879 327 887 339 .
1082 323 1143 390 355

97 419 234 486 dae‘sint.
245 425 361 486 Coelius
370 422 447 510 dixit
457 423 512 484 lib.
520 425 585 498 Vll,
597 426 764 506 Virgilium
775 447 854 506 esse,
864 448 929 514 post
937 439 983 498 M.
993 441 1083 503 Tullii
1083 447 1146 528 ful-

95 514 188 570 :mino
209 510 293 594 longe
316 511 426 594 lateque
446 517 634 573 coruscantia.
650 515 711 590 Qui
733 515 840 598 legerit
858 533 972 584 attente
990 533 1145 594 orationes

104 599 248 680 Virgilii,
263 601 345 661 clare
359 602 512 677 inveniet,
529 603 647 662 nemini
661 617 730 683 post
745 607 882 668 Tullium
900 625 964 672 tam
983 637 1143 682 nervosam

102 708 169 747 esse
184 691 396 772 eloquentiam
407 704 578 771 :superant
589 694 698 773 procul
715 693 813 755 dubio
827 699 937 776 (nemo
953 701 1012 766 hoc
1026 709 1145 772 inlicia·
1216 717 1217 721 ’

101 774 207 860 bitur)
224 781 380 842 orationes
390 781 568 861 Virgilianae
583 783 743 858 Livianas,
758 803 1011 866 argumentorum
1026 801 1144 878 ponde.

98 884 146 939 re,
154 865 370 946 dispositionis
378 867 497 941 ordine,
505 867 737 936 illuminatione
745 873 926 952 verborum:
940 880 1021 942 idem
1031 902 1094 947 esto
1105 891 1143 950 de

103 953 283 1017 oratoribus
296 955 364 1018 aliis
375 955 538 1040 judicium.
596 1005 599 1014 .

510 1113 577 1155 PAR
597 1115 739 1155 nuncto.

142 1227 212 1286 Hoc
232 1225 413 1286 difficilius:
439 1227 602 1307 inprimis
622 1227 700 1288 illud
720 1243 854 1306 certum,
871 1235 1038 1316 Virgilium
1057 1242 1088 1299 in
1111 1263 1143 1302 re

98 1315 239 1394 poetica,
251 1336 357 1396 parem
368 1335 431 1374 esse
438 1313 542 1375 Tullio
553 1317 585 1374 in
595 1338 628 1376 re
637 1319 783 1378 oratoria.
793 1319 914 1400 ltaque,
925 1338 1144 1410 quantus-qua.
1174 1305 1175 1312 ἵ

99 1403 201 1485 lisque
216 1419 322 1464 orator
339 1417 385 1464 est
396 1403 529 1480 Tullius,
550 1419 652 1466 tantus
671 1406 801 1489 talisque
815 1421 906 1490 poeta
924 1427 970 1472 est
979 1409 1140 1496 Virgilius:

100 1505 230 1554 testatur
241 1493 301 1554 hoc
320 1509 350 1554 et
359 1495 478 1554 Tullius
493 1497 559 1576 ipse
572 1509 602 1556 et
611 1496 776 1577 Virgilius:
794 1499 879 1578 qnod
897 1503 1006 1562 scribit
1023 1506 1142 1566 Servius

100 1582 134 1639 in
145 1583 187 1641 VI
202 1582 264 1642 Ecl.
278 1581 327 1642 his
339 1582 457 1658 verbis-3
473 1583 612 1644 «dici-tur
633 1599 715 1645 sexta
732 1587 846 1668 Ecloga
863 1591 982 1670 ingenti
997 1592 1102 1654 favore
1124 1615 1141 1653 a

98 1670 234 1752 Virgilio
246 1690 308 1740 esse
320 1673 462 1745 recitata,
478 1671 556 1730 adeo
570 1687 606 1732 ut
618 1694 714 1754 quum
727 1695 796 1732 eam
808 1689 912 1755 postea
926 1677 1066 1760 Cytheris
1079 1701 1141 1740 me·

98 1761 194 1819 retrix
212 1773 363 1820 cantasset
382 1761 415 1820 in
427 1759 575 1838 Theatra,
591 1764 702 1844 (quam
720 1765 753 1822 in
765 1763 827 1824 fine
839 1768 1022 1848 Lycoridem
1033 1773 1142 1851 vocat)

98 1864 129 1910 et
141 1863 293 1932 spectaret
305 1851 431 1925 Cicero;
443 1851 647 1932 stupefactus,
661 1851 851 1935 cujusesset,
866 1859 957 1938 coepit
971 1862 1141 1940 requirere,

98 1953 129 2001 et
143 1962 241 2022 quum
253 1961 324 2000 eum
338 1939 463 2000 tandem
476 1940 647 2023 aliquando
663 1947 852 2024 agnovisset,
865 1947 975 2008 dixisse
988 1948 1100 2010 dicitur
1112 1965 1142 2012 et

98 2028 141 2089 ad
153 2041 283 2088 suamet
292 2027 425 2088 ad-illius
435 2027 573 2104 laudem,
586 2033 708 2091 Munna
718 2034 789 2092 Saus
802 2035 924 2094 Atrans
933 2037 1044 2114 Rana,
1056 2038 1140 2118 quod

96 2124 155 2181 iste
168 2133 275 2201 postea
288 2119 327 2178 ad
342 2120 503 2196 Ascanium
517 2121 691 2196 transtulit3
702 2147 715 2178 o
730 2121 791 2182 hoc
803 2123 886 2184 idem
897 2126 1037 2186 Donatus
1048 2129 1141 2188 etalii

96 2207 253 2268 referunt:
263 2207 348 2267 vides
361 2219 397 2266 ut
407 2205 527 2266 Tullius
537 2207 705 2287 Virgilium
715 2211 873 2269 vocaverit
884 2214 989 2272 Romae
1002 2235 1086 2295 spem
1099 2216 1141 2275 al·

93 2310 210 2372 teram,
223 2293 307 2354 vides
320 2308 356 2354 ut
365 2293 460 2353 Tullii
469 2315 580 2374 ¹vocem
592 2306 744 2377 tanquam
758 2317 850 2356 omen
859 2300 1008 2378 Virgilius
1023 2322 1141 2383 accepe-

97 2385 232 2444 ritrscio
247 2384 304 2442 ista
320 2383 426 2464 negari
442 2383 480 2442 ab
494 2382 670 2460 nonnullis,
690 2387 743 2464 qui
758 2383 882 2458 dicunt,
901 2387 1043 2447 nondum
1056 2389 1140 2449 Cice-

96 2476 184 2536 ronis
198 2494 264 2533 aava
277 2475 319 2532 ita
331 2471 472 2532 floruisse
481 2473 665 2555 Virgilium,
684 2486 719 2532 ut
737 2471 787 2532 hic
801 2487 883 2534 vates
898 2478 1033 2555 potuerit
1051 2477 1139 2538 edere

97 2583 177 2645 opus
194 2560 396 2644 spectandum
405 2562 526 2622 Tullio:
544 2560 597 2621 sed
615 2561 680 2622 hoc
693 2560 773 2621 nihil
793 2583 842 2622 me
861 2563 991 2644 impedit
1008 2567 1139 2647 conjun-

96 2667 222 2734 gentem
232 2650 354 2730 Virgilii
368 2650 484 2730 elogia:
500 2670 589 2726 nam,
604 2649 658 2709 ubi
672 2671 780 2708 verum
794 2663 838 2708 est
849 2651 986 2710 Tullium
997 2665 1026 2711 et
1037 2653 1137 2735 Virgi-

94 2741 177 2800 lium
192 2739 287 2798 fuisse
302 2740 407 2798 Romae
428 2757 495 2818 spes
511 2737 603 2812 duas,
619 2731 694 2818 quid
710 2737 865 2816 ambigam
881 2737 919 2797 de
932 2737 1074 2800 auctore?
1087 2743 1139 2802 sed

96 2829 236 2912 produco
251 2827 328 2906 alios
346 2839 459 2887 testes:
479 2839 561 2887 certe
580 2847 706 2904 omnes,
726 2828 779 2908 qui
800 2825 837 2885 de
849 2828 980 2906 Virgilio
996 2831 1090 2889 simul
1109 2844 1139 2890 et

94 2920 199 2980 Tullio
223 2917 410 2998 loquuntur,
431 2917 473 2975 ita
492 2917 676 2998 loquuntur,
696 2930 733 2976 ut
751 2937 839 2998 pares
858 2919 989 2977 omnino
1009 2918 1136 2979 faciant.
1175 2908 1180 2918 ’

95 3011 217 3070 Plinius
226 3009 260 3066 in
267 3006 400 3088 Prologo
410 3007 511 3087 operis
521 3027 705 3088 comparans
716 3006 883 3087 Virgilium
893 3027 966 3064 cum
977 3006 1137 3086 Cicerone,

96 3113 250 3182 quantum
261 3097 369 3155 attinet
379 3095 418 3154 ad
430 3095 650 3171 imitationem,
663 3097 760 3177 priori
770 3095 824 3154 dat
832 3096 993 3169 virtutem,
1004 3117 1065 3176 qua
1075 3119 1136 3158 cer-

96 3187 175 3263 tarit
189 3203 259 3244 cum
276 3183 429 3264 antiquis3
444 3183 608 3261 posteriori
625 3184 872 3265 simplicitatem,
885 3204 946 3262 qua
960 3203 992 3242 se
1005 3185 1036 3256 in
1049 3185 1136 3246 libris

95 3275 134 3334 dte
147 3270 277 3354 Republ.
293 3271 431 3330 Platonis
448 3290 511 3328 esse
529 3272 675 3335 comitem
694 3271 866 3352 profitetur.
884 3272 994 3330 Seneca
1009 3271 1135 3335 Rhetor.

94 3362 149 3422 lib.
168 3361 211 3420 lll
229 3360 423 3419 Controvers.
448 3357 500 3418 dat
514 3360 646 3440 Virgilio
657 3359 831 3443 felicitatem
851 3359 985 3440 ingenii,
1004 3361 1043 3420 ad
1063 3383 1135 3423 eum

95 3449 243 3524 modum,
264 3468 328 3529 quo
345 3448 488 3507 Ciceroni
506 3446 721 3530 Eloquentiam.
735 3448 881 3507 Politian.
901 3449 934 3506 in
952 3449 1060 3520 Manto
1075 3453 1134 3527 ait,

94 3539 209 3598 fastum
228 3538 369 3596 Graecnm
391 3548 421 3594 et
439 3537 648 3616 arrogantiam
666 3536 781 3616 pariter
802 3555 818 3591 a
836 3535 966 3614 Virgilio
986 3547 1016 3594 et
1031 3537 1133 3597 Tullio

94 3645 317 3706 compressam:
333 3625 516 3705 compressit
530 3625 655 3697 Cicero,
670 3645 683 3676 o
695 3621 814 3682 ardenti
827 3619 959 3681 fulmine
971 3621 1103 3702 linguae:
1118 3651 1131 3682 o

93 3714 272 3794 compressit
282 3711 448 3792 Virgilius,
465 3713 547 3772 «Seu
563 3712 678 3793 sylvas,
693 3731 748 3771 seu
762 3732 834 3770 rura
850 3712 948 3786 canit,
967 3713 1030 3771 sive
1047 3735 1133 3773 arma

93 3807 298 3883 virumque.»
325 3802 456 3878 Quintil.
480 3802 534 3864 lto,
560 3802 616 3860 llll
640 3803 735 3861 veluti
761 3821 850 3882 pares
875 3801 1011 3876 faciens,
1037 3803 1132 3867 dixit.-

95 3892 280 3967 uQuantum
296 3889 450 3971 poesis'ab
466 3893 601 3950 Homero
622 3905 652 3949 et
663 3888 813 3970 Virgilio,
831 3901 952 3948 tantum
972 3887 1131 3970 fastigium

86 3981 211 4060 accepit
224 3980 400 4060 eloquentia
415 4001 432 4038 a
445 3979 652 4041 Demosthene
668 3993 762 4060 atque
773 3980 937 4040 Cicerone:
951 4005 965 4036 a
981 3980 1131 4048 Jovianus
