2742 4596
451 325 515 390 DE
538 327 792 396 VIRGlLlO.

102 451 265 514 «Carcere
278 464 430 516 montoso
443 449 570 515 clausus
582 450 711 516 Ballista
705 439 868 539 tenetur,
955 469 959 479 “

67 566 71 572 ·
149 557 286 624 «Securi
297 556 421 624 fraudis
433 557 560 645 pergite
572 573 684 638 nocte,
697 559 769 624 viri.

103 661 216 745 «Quid
229 662 372 754 trepidas
384 661 519 729 tandem
530 685 643 752 gressu
653 667 836 752 pavitante,
849 669 971 736 viator?

149 771 380 834 “Nocturnum
392 771 499 834 furem
512 791 625 834 saxeus
638 771 745 837 imber
756 771 865 839 habet.
935 792 938 800 ’

104 902 117 932 a
129 875 268 942 Ballistae
280 878 381 942 vitam
392 876 501 964 rapuit
511 876 593 963 lapis
600 895 613 955 ,·
621 877 691 964 ipse
705 880 893 966 sepulcrum

148 1005 161 1035 a
173 979 303 1059 Intulit;
317 979 433 1044 umbra
444 1001 567 1044 nocens
579 980 725 1068 pendula
736 967 810 1048 saxa
821 988 942 1052 tremit.

104 1087 273 1150 “Crimina
282 1087 418 1172 latronis
431 1085 620 1175 dignissima
632 1111 730 1175 poena
741 1108 881 1157 coercet.

148 1191 335 1255 «Duritiam
347 1187 614 1256 mentis—damnat
627 1190 750 1281 ubique
763 1193 855 1282 lapis.
869 1226 881 1254 n

93 1295 189 1360 ¹Hinc
201 1296 320 1362 Culicis
332 1297 425 1362 tenui
437 1295 584 1385 praelusit
595 1297 712 1362 funera
723 1320 840 1392 versu:
868 1323 871 1330 ¹

151 1405 278 1468 «Parve
290 1404 398 1483 culex,
412 1425 572 1492 pecorum
583 1419 693 1470 custos
707 1405 767 1470 tibi
778 1406 843 1472 tale
854 1414 995 1475 merenti
1033 1433 1036 1441 ’

150 1537 163 1566 ιι
174 1509 313 1575 Funeris
326 1510 488 1588 officium,
501 1511 577 1576 vitae
589 1533 650 1598 pro
662 1535 816 1592 munere,
825 1507 976 1596 reddit.»
1088 1589 1091 1597 ,

103 1614 191 1677 Tum
204 1612 264 1676 tibi
276 1616 449 1704 Syronem,
461 1617 570 1696 Maro,
584 1615 724 1680 contulit
735 1617 807 1707 ipsa
817 1599 1010 1708 magistrum
1026 1695 1030 1706 Ι

104 1719 207 1783 Roma
219 1735 352 1808 potens,
365 1742 586 1811 proceresque
599 1743 675 1786 suos
688 1721 770 1786 tibi
756 1723 868 1814 junxit
878 1728 1010 1794 amicos.
1035 1773 1038 1783 ·

104 1824 209 1890 Pollio
215 1827 416 1908 ,Maecenas,
424 1827 561 1909 Varius,
575 1829 747 1894 Cornehus
759 1829 892 1914 ardent,

106 1933 148 1996 Et
159 1911 221 1997 sibi
235 1935 374 2026 quisque
386 1935 485 2024 rapit,
499 1958 560 2028 per
571 1952 604 2001 te
616 1907 762 2002 victurus
775 1938 810 2002 in
822 1961 1000 2004 aevum·

150 2036 247 2100 Musa
258 2038 389 2118 refer,
374 2062 448 2128 quae
460 2061 573 2112 caussa
586 2039 649 2104 fuit
660 2063 862 2134 componere
874 2041 993 2110 libros:

108 2140 275 2206 Sumserat
286 2146 452 2236 Augustus
465 2167 577 2210 rerum
585 2141 814 2229 moderamina
827 2147 1000 2242 princeps.⁴
1026 2235 1029 2242 ἱ

107 2252 182 2316 Jam
193 2252 283 2316 necis
297 2252 385 2318 ultor
396 2269 465 2318 erat
476 2253 591 2342 patriae
604 2275 610 2314 ι
619 2252 689 2342 jam
702 2251 793 2318 caede
805 2253 954 2340 priorum
1036 2313 1039 2320 ,

108 2354 263 2421 Perfusos
275 2358 360 2422 acies
372 2357 491 2447 legitur
502 2357 612 2422 visura
624 2354 806 2445 Philippos.
820 2392 836 2414 .·
915 2405 921 2416 .
980 2395 982 2402 ,

108 2465 238 2531 Cassius
250 2464 318 2547 hic,
332 2468 444 2556 Magni
455 2464 591 2546 vindex,
605 2479 639 2529 et
650 2467 769 2529 Brutus
781 2465 815 2528 in
828 2465 925 2530 armis

110 2575 283 2639 Intereunt
293 2600 300 2639 :
312 2577 431 2656 victor,
444 2572 595 2640 nondum
607 2589 783 2640 contentus
796 2572 914 2661 opimis

110 2678 271 2744 Emeritas
283 2679 361 2744 belli
374 2679 485 2767 spohis
497 2679 616 2744 ditasse
628 2677 796 2757 cohortes,

111 2787 305 2877 Proscripsit
316 2789 444 2854 miserae
456 2788 607 2854 florentia
619 2809 695 2852 rura
706 2789 894 2866 Cremonae,

110 2898 263 2987 Totaque
275 2897 434 2964 militibus
446 2899 590 2986 pretium
603 2919 760 2964 concessa
771 2895 923 2960 laborum

113 3001 228 3067 Praeda
238 3003 301 3068 fuit
313 3028 320 3068 ε
334 3003 479 3070 violenta
489 3027 606 3070 manus
617 3003 775 3071 bacchata
786 3024 847 3091 per
858 3023 970 3089 agros.¹
1058 3065 1061 3072 .

113 3109 189 3173 Non
202 3107 313 3191 flatus,
326 3133 394 3176 non
405 3111 470 3175 tela
482 3113 501 3176 J
503 3111 587 3191 ovis,
601 3135 669 3177 non
683 3133 841 3200 spumeus
852 3108 971 3186 amnis,

114 3215 190 3277 Non
202 3213 323 3282 imbres
335 3214 457 3305 rapidi,
471 3233 632 3306 quantum
643 3241 765 3282 manus.
772 3206 873 3304 impia
884 3229 997 3280 vastat.

116 3323 269 3403 Mantua,
282 3342 318 3390 tu
331 3326 506 3417 conjuncta
516 3327 606 3407 loco,
620 3328 740 3392 sociam
752 3325 897 3416 periclis,

118 3430 193 3493 Non
207 3445 317 3510 tamen
327 3430 371 3496 ob
382 3432 718 3513 meritum3miseram
730 3431 848 3495 vicinia
860 3431 948 3494 fecit.
1132 3441 1162 3489 to

119 3537 194 3600 lam
205 3537 300 3600 Maro
311 3538 425 3624 pulsus
439 3554 509 3604 erat
522 3562 528 3602 :
542 3535 601 3603 sed
612 3535 736 3602 viribus
748 3535 865 3600 obvius
876 3533 945 3634 ibat

160 3663 202 3716 56
222 3664 281 3715 fl·
274 3681 333 3735 ipsa
351 3663 472 3736 lapidum
494 3679 578 3720 strues
598 3667 622 3717 ei
701 3663 743 3733 69
754 3663 816 3714 Jam
824 3661 939 3728 acies‚h.
949 3660 1165 3734 exercitusdepi-

123 3761 174 3818 pro
191 3743 294 3794 tumulo
311 3745 370 3795 fuit.
388 3745 535 3818 Ipselapis.
554 3745 622 3796 Hinc
667 3753 722 3808 tur,
738 3740 876 3808 scribitur,
892 3752 1016 3812 paratur,
1032 3741 1060 3791 in
1073 3741 1165 3794 Mace-

122 3822 242 3898 pendula
255 3842 329 3888 saxa,
350 3824 399 3876 sub
417 3825 513 3896 quibus
529 3824 625 3878 umbra
662 3821 790 3874 domam
783 3833 879 3874 iterum
887 3817 1045 3872 deducenda
1053 3817 1088 3871 ad
1096 3837 1164 3890 pug-

125 3903 376 3974 tremi15tanquatn
390 3915 510 3957 metuens
526 3923 560 3958 ne
577 3902 625 3954 ob·
667 3902 902 3956 namfaciendam.
915 3901 944 3954 L.
958 3900 1085 3973 Perfmos.

125 3995 238 4038 teratur.
705 3982 747 4052 78.
760 3981 1012 4054 maliloquorum
1020 3981 1168 4051 manusim-

162 4063 206 4116 66.
219 4064 283 4136 Leg.
298 4063 335 4117 Te
345 4064 391 4118 sibi
402 4065 508 4138 quisque
519 4065 593 4135 rapit.
668 4063 727 4134 pia,
741 4072 850 4118 vastam.
876 4089 880 4098 ·
910 4105 913 4114 .
