2654 4590
518 401 521 408 .
581 339 961 411 COMMENTARIA

625 573 915 635 EXPLICATIO.

292 819 318 860 r.
332 797 482 880 Auspicor
495 792 612 855 librum
625 815 642 854 a
656 795 805 855 Seruiana
820 808 914 856 nota:
930 795 965 855 fit
977 797 1010 856 in
1023 795 1083 858 hoc
1096 799 1179 860 libro
1192 811 1312 860 rerum

251 889 393 950 omnium
410 886 634 947 commutatio:
653 897 725 944 narn
739 901 879 966 persona
892 885 975 963 alioe,
991 886 1151 965 locaalia,
1169 893 1312 970 negotia

250 977 330 1039 alia:
350 975 391 1037 ab
407 979 500 1036 AEnea
517 977 634 1058 quippe
647 976 800 1034 transitur
817 974 856 1034 ad
870 975 1028 1052 Turnum;
1050 978 1089 1036 ab
1108 977 1245 1038 Thuscia
1264 979 1312 1040 ad

249 1065 382 1128 Ardeam
394 1089 402 1141 ;
417 1086 434 1124 a
448 1065 599 1148 petitione
611 1062 800 1124 auxiliorum
813 1060 852 1122 ad
864 1057 1001 1140 bellum,
1016 1066 1054 1125 ab
1071 1069 1232 1126 monitore
1244 1070 1312 1149 Ty·

249 1158 318 1217 beri
337 1154 377 1214 ad
396 1155 594 1214 monitricem
614 1151 699 1212 Irim.
719 1155 817 1236 Ergo,
837 1153 913 1213 dum
929 1146 1037 1236 AEneas
1054 1157 1086 1214 in
1103 1158 1312 1238 penitissima

250 1243 381 1304 Thuscia
393 1257 567 1324 occupatur
576 1243 610 1301 in
623 1231 762 1322 petendis
774 1241 914 1316 auxiliis,
930 1241 1010 1302 nihil
1019 1245 1106 1304 Juno
1119 1245 1312 1304 inimicitia·

250 1356 320 1394 rum
335 1335 450 1408 oblita,
466 1333 569 1392 -mittit
585 1331 661 1390 Irim
675 1331 713 1390 ad
726 1334 883 1406 Turnum,
904 1346 976 1394 vere
986 1332 1141 1405 audacem,
1162 1333 1240 1412 quia
1253 1355 1312 1392 ex-

248 1420 425 1498 hortandus
438 1419 477 1480 ad
491 1418 683 1480 audendum.
698 1421 781 1480 Juno
794 1419 909 1479 dicitur
921 1421 1076 1493 Salamin,
1089 1421 1162 1499 quia
1174 1439 1312 1500 sempe1

249 1509 392 1590 Trojanis
406 1529 519 1569 nocua.
533 1507 618 1584 Quid
630 1528 704 1568 vero
718 1523 785 1568 tum
798 1507 940 1568 Turnus?
952 1506 1101 1568 Manibus
1114 1506 1312 1590 parentabat

250 1598 426 1678 majorum,
442 1597 496 1678 qui
512 1599 543 1654 in
558 1596 623 1654 luci
640 1595 720 1655 valle
733 1617 770 1655 ex
783 1611 921 1656 veterum
937 1594 1089 1677 religione
1104 1595 1312 1655 colebantur.

290 1687 318 1747 5.
333 1686 418 1762 Quid
429 1706 502 1745 vero
513 1684 552 1744 ad
564 1684 654 1744 illum
665 1685 743 1745 lris?
756 1686 860 1746 attulit
868 1683 925 1744 tibi
940 1684 1024 1746 ultro
1036 1685 1101 1745 dies
1113 1687 1200 1767 ipsa,
1214 1683 1312 1765 quod

250 1795 344 1834 nemo
354 1776 471 1833 Divum
481 1775 600 1834 nemini
612 1773 804 1844 mortalium,
815 1775 1016 1856 quantumvis
1027 1775 1161 1856 optanti,
1172 1772 1312 1831 auderet

250 1863 442 1946 promittere.
463 1864 529 1923 Hac
546 1884 578 1922 re
590 1862 671 1922 nihil
685 1863 749 1924 dici
765 1867 869 1944 potuit
886 1863 1007 1944 m'ajus:
1026 1875 1099 1924 vota
1114 1863 1311 1923 mortalium

707 2094 843 2157 NOTAE.

291 2322 313 2358 1.
326 2307 432 2361 Diversa
440 2309 551 2380 penitus.
564 2309 650 2363 Valde
662 2309 752 2364 diver·
797 2310 1005 2362 tiumnmusum
1013 2305 1252 2360 stercorandor'um
1261 2305 1307 2356 itt-¹

248 2405 290 2452 aa,
300 2387 328 2440 id
336 2401 385 2456 est,
393 2387 498 2461 longius
508 2401 620 2456 remota,
628 2389 669 2442 vel
679 2389 753 2462 apud
796 2392 869 2442 venit
881 2409 1022 2461 agrorum:
1036 2387 1107 2440 unda
1122 2399 1149 2439 et
1158 2385 1304 2457 Samnitiu

202 2466 205 2472 ’
250 2466 430 2531 Pallanteum,
444 2467 486 2519 vel
501 2470 530 2520 in
544 2469 665 2520 Etruria:
682 2469 753 2520 unde
797 2467 1304 2535 niusdictuseut.Pilumnusveropim

250 2545 333 2616 paulo
341 2558 403 2616 post
411 2545 486 2609 dicit,
497 2547 573 2597 «Nec
581 2548 655 2610 satis,
666 2560 753 2598 extre·
764 2563 768 2570 ·
798 2547 874 2601 sandi
886 2549 1028 2612 frumenti,
1040 2546 1112 2598 unde
1128 2559 1155 2598 et
1165 2565 1181 2598 a
1190 2545 1303 2617 pistori-

250 2642 308 2675 mas
321 2622 431 2695 Corythi
444 2626 596 2693 penetravit
612 2625 647 2675 ad
659 2625 752 2692 urbes,
767 2641 770 2644 '
798 2629 849 2680 bus
867 2628 978 2680 colitur:
998 2628 1034 2678 ab'
1047 2629 1106 2696 ipso
1121 2627 1202 2678 etiam
1213 2624 1304 2698 pilum

251 2701 440 2774 Lydorumque
452 2719 569 2752 manum.
582 2703 652 2754 Seru.
746 2695 751 2718 '
798 2707 957 2760 dictumest.
971 2705 1089 2773 Quidam
1103 2704 1259 2756 Pilumnum
1275 2715 1304 2754 et

288 2796 312 2832 2.
326 2780 400 2830 Irim·
412 2780 461 2830 lris
473 2781 549 2850 quasi
562 2780 603 2848 ,ipit
615 2780 686 2832 dicta
696 2794 750 2832 est:
798 2788 973 2838 Pitlrumnum
982 2786 1120 2838 Castorem
1129 2797 1154 2836 et
1164 2784 1303 2836 Pollucem

251 2877 389 2929 nunquam
404 2859 475 2910 enim
490 2858 525 2910 ad
537 2859 752 2912 conciliationem
798 2869 948 2937 oooipinnn
961 2867 1084 2920 nonnulli
1098 2865 1209 2916 laudum
1219 2865 1303 2916 Deos.

250 2939 365 2990 mittitur
383 2940 453 2990 sicut
470 2938 633 3005 Mercurius,
653 2939 700 2991 sed
717 2939 752 2991 ad
797 2947 884 3002 Varro
894 2947 1049 3020 conjugales
1059 2947 1129 2998 Deos
1141 2946 1304 3014 suspicatur.

251 3017 484 3070 disturbationem.
512 3017 545 3067 Et
568 3030 608 3068 est
633 3020 754 3070 ministra
834 3027 858 3077 6.
883 3027 977 3078 Tame,
1002 3027 1117 3076 Nomine
1139 3025 1251 3088 excitat,
1277 3036 1305 3074 et

250 3108 420 3148 nontantum
430 3096 752 3161 Deorum,secl1)eorum;
798 3108 927 3176 proponit
946 3107 1116 3158 occasionem
1135 3104 1303 3156 utilemnon

250 3195 314 3228 nam
336 3188 432 3244 praeter
456 3177 602 3228 Homerum
629 3171 752 3248 Virgilius
799 3181 1302 3236 omittendumDon.-Exhortatoria

250 3253 304 3306 hoc
315 3253 413 3322 probat
425 3252 531 3330 dicent,
546 3255 675 3306 erriam
687 3253 752 3306 caelo
798 3266 899 3328 oratio,
917 3262 951 3315 ad
967 3260 1118 3314 invadenda
1129 3272 1219 3312 eastra
1234 3259 1300 3312 hos·

251 3350 314 3382 nam
326 3329 432 3399 Jupiter
442 3332 503 3382 irim
514 3333 639 3398 limisit,
649 3352 752 3405 germfl·
796 3344 872 3394 tium.
882 3341 1027 3393 Exordium
1038 3361 1052 3392 a
1065 3342 1194 3410 temporis
1207 3359 1302 3411 expen-

250 3431 292 3489 nae
299 3410 373 3462 baud
380 3409 471 3464 mollia
476 3414 550 3481 jussa
558 3416 714 3466 ferentem.»
724 3415 751 3486 S
797 3423 845 3472 tati
860 3423 963 3473 ratione
974 3420 1100 3472 ductum:
1114 3419 1190 3470 locus
1203 3419 1237 3470 ab
1252 3437 1302 3490 op-

287 3491 313 3541 3.
335 3489 477 3540 Audacem.
508 3488 613 3544 Servius
637 3493 752 3564 explicat
797 3500 1143 3570 portun0.Hort.·-Ditrum
1151 3499 1302 3569 promittere

254 3592 266 3616 ι
276 3571 373 3620 fortem
388 3570 443 3620 sine
456 3570 592 3624 felicitate.
605 3597 615 3620 n
630 3573 752 3626 Donatus
797 3599 882 3631 nemo.
890 3574 988 3643 mmo,
1000 3597 1049 3648 pro
1060 3577 1150 3629 nullus
1159 3580 1263 3648 posuit,
1275 3591 1300 3629 et

255 3647 477 3714 ninoonsultum,
501 3662 527 3702 et
548 3656 749 3705 remei-nnuma
798 3657 1204 3730 ostAcyrologiaznam,Diuum
1213 3675 1297 3720 nemo,

251 3727 360 3779 Praefert
373 3727 444 3779 bunc
455 3727 546 3780 Servio
558 3731 678 3800 Delrius,
688 3733 752 3802 quia
797 3755 851 3788 non
863 3729 1005 3808 possumus
1022 3736 1125 3799 dicere,
1142 3753 1224 3804 quum
1237 3753 1298 3804 pro·

252 3807 365 3858 audacia
380 3825 484 3876 semper
502 3812 617 3879 apostis
632 3831 693 3863 num
712 3825 750 3864 te·
796 3817 853 3885 prie
870 3835 946 3867 nemo
966 3818 999 3868 sit
1014 3833 1061 3865 neo
1077 3814 1163 3865 homo.
1181 3813 1252 3865 Serv.
1263 3839 1297 3855 ·-·

250 3890 372 3938 maritate
391 3888 569 3959 conjungitur.
585 3919 618 3928 -
632 3891 750 3944 Parentis
795 3893 874 3945 Plura
884 3893 1005 3964 exempla
1015 3894 1042 3942 in
1053 3891 1151 3962 quibus
1161 3910 1237 3942 nemo
1249 3911 1296 3964 po·

250 3964 379 4017 Pilumni.
397 3965 537 4020 Pilumnus
550 3981 576 4020 et
594 3969 752 4021 Pithumnus
795 3975 867 4024 nitur
888 3991 938 4043 pro
958 3971 1059 4036 nullus,
1081 3971 1136 4022 vid.
1158 3972 1187 4023 in
1209 3970 1295 4026 Sanct.

250 4045 346 4098 fratres
358 4045 481 4114 fuerunt,
495 4059 521 4099 et
530 4047 568 4100 dii
580 4070 586 4101 ε
599 4046 696 4100 horum
707 4050 752 4100 Pi·
795 4053 907 4105 Minerv.
919 4071 946 4123 p.
958 4049 1024 4119 305,
1036 4064 1063 4104 et
1075 4050 1136 4102 306.
