2742 4596
256 304 317 381 402
604 287 939 355 resrrnorrt

744 458 807 522 xi.

252 685 254 688 .
285 629 339 692 De
351 621 460 691 eadem
471 643 505 685 re
517 619 630 684 veteris
642 615 817 682 scholastici
823 630 924 704 poetae
937 643 1057 702 versus,
1075 621 1131 687 sub
1145 628 1270 690 nomine

631 727 768 814 Augusti
779 725 917 790 Coesaris.

253 897 384 986 Ergone
397 889 558 979 supremis
571 887 679 975 potuit
690 910 755 952 vox
765 889 917 976 improba
928 890 1038 956 verbis

251 1007 336 1070 Tam
348 999 457 1064 dirum
468 991 624 1058 mandare
637 993 748 1056 nefas?
760 1015 838 1080 ergo
850 992 910 1056 ibit
922 995 955 1058 in
968 995 1074 1082 ignes,

251 1111 440 1194 Magnaque
452 1097 633 1187 doctiloqui
645 1097 806 1162 morietur
818 1099 913 1162 Musa
925 1100 1090 1166 Maronis?

251 1211 302 1278 Ah
314 1209 420 1277 scelus
433 1204 620 1293 indignum!
634 1203 780 1268 solvetur
790 1202 899 1268 littera
911 1202 1018 1283 dives,

252 1321 294 1383 Et
305 1330 464 1406 poterunt
476 1327 624 1400 spectare
637 1309 816 1376 oculi?nec
827 1333 963 1398 parcere
976 1311 1095 1379 honori
1281 1331 1292 1374 5

251 1427 398 1492 Flamma
410 1447 485 1500 suo,
497 1419 704 1508 dignumque
716 1420 809 1507 operi
822 1443 952 1486 servare
965 1419 1140 1488 decorem?

251 1533 372 1596 Noster
382 1528 501 1618 Apollo
513 1542 604 1607 vete,
617 1528 722 1592 Musae
733 1524 909 1613 prohibete
922 1527 1067 1608 Latinae3

250 1636 352 1701 Liber
363 1651 397 1699 et
408 1633 493 1698 alma
505 1633 603 1696 Ceres
617 1631 796 1696 succurrite
809 1655 816 1694 ε
828 1648 939 1696 vester
950 1633 985 1696 in
996 1633 1094 1698 armis

249 1741 347 1806 Miles
360 1756 444 1819 erat3
457 1755 565 1802 vester
576 1734 692 1802 docilis
703 1759 764 1824 per
775 1760 850 1801 rura
864 1737 1011 1802 colonus.

251 1850 335 1911 Nam
347 1845 474 1925 docuit,
488 1843 569 1934 quid
581 1846 650 1910 Ver
661 1860 790 1932 ageret,
805 1842 886 1933 quid
899 1861 1034 1933 cogeret
1045 1847 1165 1927 AEstas;
1270 1875 1293 1904 ιο

250 1951 339 2036 Quid
352 1951 445 2017 daret
457 1956 659 2031 Autumnus,
673 1950 755 2041 quid
768 1955 888 2018 Bruma
899 1953 1078 2046 novissima
1090 1953 1205 2018 ferret.

250 2065 337 2126 Arva
348 2061 558 2126 reformavit:
572 2062 708 2128 sociavit
719 2062 841 2128 vitibus
853 2063 961 2128 ulmos
974 2087 981 2125 ε

251 2169 385 2234 Curavit
395 2167 541 2256 pecudes
554 2193 560 2231 :
574 2168 691 2256 apibus
704 2191 762 2234 sua
774 2185 878 2235 castra
891 2169 1021 2234 dicavit.

253 2279 332 2342 Haec
345 2275 451 2357 dedit,
466 2293 503 2342 ut
513 2278 670 2364 pereant?
681 2277 791 2366 ipsum
802 2279 829 2342 si
842 2276 952 2343 dicere
965 2277 1013 2342 fes
1026 2291 1084 2342 est.

256 2413 268 2443 ιι
281 2381 345 2451 Sed
356 2383 469 2472 legum
482 2399 532 2449 est
544 2382 703 2448 servanda
715 2384 798 2449 fides
811 2409 818 2448 ε
833 2407 987 2472 suprema
999 2383 1152 2450 voluntas
1272 2394 1295 2451 ³⁵

256 2519 269 2547 ιι
281 2486 380 2571 Quod
391 2489 540 2568 mandat,
553 2489 693 2578 fierique
701 2490 813 2579 jubet,
827 2512 942 2578 parere
955 2511 1089 2554 necesse
1103 2503 1163 2554 est.
1177 2517 1190 2547 »ι

253 2599 434 2682 Frangatur
445 2597 556 2683 potius
568 2597 681 2683 legum
693 2595 880 2662 veneranda
892 2611 1052 2684 potestne,

253 2701 360 2784 Quam
372 2715 421 2764 tot
433 2719 606 2790 congestos
619 2717 801 2791 noctesque
815 2701 957 2792 diesque
965 2699 1094 2765 labores

254 2806 409 2870 Hauserit
421 2831 487 2871 una
500 2807 587 2890 dies,
600 2831 822 2898 supremaque
829 2795 921 2898 jussa
933 2808 1079 2897 parentis

143 2909 150 2922 '
253 2913 412 2977 Amittant
423 2913 574 3002 vigilasse
586 2937 694 2980 suum.
708 2913 740 2980 Si
753 2913 839 2978 forte
851 2915 975 2979 furenti
1275 2933 1348 2970 ω’

290 3055 335 3106 xl.
355 3053 379 3120 4.
402 3054 499 3104 Littera
515 3054 596 3118 dives,
618 3073 652 3106 an
664 3056 753 3108 multis
837 3074 877 3109 ια.
890 3053 1138 3126 Arbutafomtavit‚
1150 3051 1197 3104 alii
1209 3075 1215 3103 z
1229 3051 1301 3104 male.

256 3135 367 3207 egregiis
384 3135 522 3186 sententiis
541 3135 654 3186 refertus
670 3135 755 3188 liber?
838 3136 877 3201 14.
891 3133 989 3199 Modo,
1001 3132 1053 3183 hoc
1066 3132 1174 3202 eloqui,
1187 3151 1243 3184 non
1250 3135 1303 3203 jam

256 3226 286 3264 ut
302 3233 362 3264 mox
378 3215 452 3278 v111‚
473 3217 502 3279 8,
523 3214 614 3287 lingua
632 3215 714 3282 dives,
734 3217 754 3268 f.
799 3217 875 3268 nefas
884 3216 1111 3266 estlBurmannus
1119 3211 1235 3290 [rulchre
1243 3231 1304 3265 con·

255 3292 368 3345 solvetur
378 3292 466 3358 litera,
480 3294 556 3346 Divi!
568 3294 675 3346 Valerio
686 3297 756 3347 Mar·
797 3293 919 3365 jiciebat:
934 3315 945 3339 a
956 3294 1015 3364 Ipso
1023 3291 1057 3344 sic
1057 3291 1151 3363 judice
1151 3291 1201 3363 fas
1208 3303 1254 3358 est,
1262 3293 1303 3343 Et.

180 3378 184 3382 '
255 3373 314 3424 tiali
326 3371 452 3423 tribuitur
464 3373 516 3426 hoc
529 3393 636 3428 carmen
649 3377 676 3426 in
688 3375 755 3429 cod.
800 3372 917 3427 Ed.Ven.
929 3383 959 3424 ut
966 3371 1098 3443 perimant
1109 3371 1211 3441 ipsum,
1224 3374 1247 3425 si
1256 3372 1302 3422 d..

254 3453 340 3504 Vatie.
353 3471 380 3502 n.
397 3449 472 3502 1586.
799 3453 893 3508 Lector
902 3451 1014 3522 judicet.

291 3529 315 3581 5.
326 3531 381 3583 Nec
387 3548 501 3600 parcere,
512 3531 567 3583 scil.
578 3535 687 3604 poterit,
694 3553 756 3606 par·
838 3549 878 3602 19.
893 3532 1069 3603 Supremaque
1080 3529 1171 3596 verba,
1185 3529 1236 3582 Ed.
1248 3532 1304 3582 Bas.

255 3607 349 3660 cetEd.
358 3608 424 3659 Ven.
438 3607 512 3678 1472.
523 3609 624 3663 Eadem
633 3613 753 3666 ductum·
799 3626 826 3664 et
838 3611 905 3664 aliae.

254 3706 305 3759 que
321 3687 391 3756 operi
405 3688 513 3740 servabit
527 3709 654 3756 amorem,
671 3705 700 3742 ut
717 3693 750 3745 al.
835 3707 876 3742 20.
893 3689 1027 3742 Amittant
1042 3707 1092 3760 pro
1105 3687 1228 3760 perdant
1243 3688 1306 3758 vigi·

256 3784 298 3837 ap.
320 3767 408 3816 Burm.
428 3769 537 3820 Praestat
554 3769 675 3841 vulgata,
700 3790 754 3824 non
799 3769 858 3822 lies.
873 3768 922 3820 Ed.
933 3770 999 3822 Ven.
1015 3768 1135 3831 amittat,
1154 3780 1183 3819 et
1193 3786 1266 3820 mox.
1280 3763 1306 3816 Si

255 3847 477 3915 peteritservare,
485 3866 539 3898 non
547 3862 643 3917 servet,
650 3851 755 3904 AEneidi
794 3849 992 3922 fortesupetnus
999 3849 1031 3900 E.
1045 3847 1072 3898 in
1083 3857 1169 3898 morte
1176 3848 1267 3921 piger,
1277 3853 1306 3895 ut
1347 3891 1348 3922 3

255 3925 442 3992 (eternitatem,
456 3943 509 3996 qua
519 3925 600 3998 digna
611 3931 666 3981 est?
800 3928 846 3980 alii
861 3947 903 3997 ap.
921 3929 1011 3980 Burm.
1024 3927 1044 3978 f.
1063 3925 1086 3977 si
1097 3925 1176 3997 forte
1186 3939 1305 4000 suprema

293 4020 316 4073 7.
331 4003 445 4056 Pulcher
454 4003 551 4074 Apollo
565 4005 617 4056 alii.
799 4009 904 4062 Erravit
905 4011 966 4082 jam
979 4016 1060 4061 morte
1068 4003 1156 4060 dolor.
