2742 4596
172 435 174 439 .
259 430 263 437 ,
356 329 473 462 DE
506 324 960 468 'VIRGILII

421 619 893 736 auurouruus

133 1122 329 1208 Enrrronuu
341 1142 486 1206 elenchos
497 1146 675 1222 instituere,
684 1163 733 1204 res
744 1154 790 1204 est
801 1154 869 1204 tum
882 1148 1015 1207 omnino
1027 1147 1118 1210 valde
1127 1147 1186 1210 dil·

132 1235 224 1297 ficilis
234 1251 264 1296 et
275 1236 423 1296 molestiae
434 1257 469 1296 ac
479 1235 564 1296 taedii
575 1236 683 1317 plena,
694 1249 759 1296 tum
771 1236 873 1295 multo
884 1239 983 1318 magis
993 1239 1026 1298 in
1037 1239 1187 1322 Virgilio,

134 1326 191 1404 qui
204 1321 466 1405 atypographicae
477 1321 551 1382 inde
564 1324 638 1382 artis
650 1323 748 1384 initiis
759 1321 850 1383 nullo
862 1344 925 1384 non
938 1345 1038 1401 anno,
1050 1339 1080 1386 et
1091 1328 1187 1387 inter·
1283 1351 1285 1358 ⁴

134 1409 213 1470 dum
235 1422 285 1494 ter·
305 1421 468 1492 quaterve,
494 1411 573 1490 typis
594 1429 724 1470 excusus
744 1409 815 1471 fuit.
837 1410 929 1488 Quod
952 1433 1055 1495 operte
1076 1435 1189 1496 genus,

133 1517 327 1580 quamquam
343 1510 487 1556 nontam
500 1498 619 1557 morosi
631 1517 752 1573 sumus,
773 1511 809 1556 ut
822 1517 894 1557 cum
910 1499 944 1558 P.
957 1500 1139 1560 Bmmanuo
1155 1501 1188 1560 iu

132 1586 345 1648 Admonitione
357 1585 393 1645 de
406 1588 527 1646 Maeuio.
543 1585 609 1645 edit.
629 1585 723 1667 plane
737 1605 955 1668 aspernemur,
977 1610 1017 1649 ne
1034 1601 1102 1649 tum
1122 1589 1189 1670 qui-

131 1677 221 1753 dem,
240 1699 338 1760 quum
353 1675 435 1738 nihil
452 1676 559 1739 feceris
575 1676 676 1752 aliud,
698 1696 792 1758 quam
808 1691 841 1736 ut
858 1677 1033 1739 editionum
1047 1681 1190 1762 undique

131 1768 244 1828 titulos
259 1789 359 1828 unum
372 1768 405 1825 in
420 1766 524 1827 locum
540 1769 745 1847 congesseris3
767 1766 862 1828 habet
876 1771 961 1829 enim
976 1767 1044 1830 baec
1059 1770 1127 1851 ipsa
1141 1789 1189 1829 res

131 1879 206 1919 cum
224 1858 263 1918 ad
280 1856 445 1918 historiam
466 1855 666 1932 litterariam,
692 1879 754 1939 qua
775 1857 863 1919 nulla
886 1859 980 1921 facile
1001 1858 1189 1936 eruditionis

131 1949 323 2010 liberalioris
336 1969 407 2031 pars
419 1967 523 2007 carere
536 1961 653 2028 potest,
667 1962 735 2008 tum
745 1951 779 2009 in
790 1951 855 2032 ipsa
866 1971 899 2010 re
909 1951 1017 2011 critica
1029 1949 1067 2010 ad
1078 1947 1189 2010 editio·

129 2059 212 2098 num
231 2038 366 2119 origines
374 2041 412 2096 ‘et
428 2038 616 2118 propagines
631 2035 826 2117 indagandas
840 2038 985 2099 utilitatis
998 2037 1188 2120 plurimum3

132 2125 341 2212 ethonestum
355 2125 494 2187 studium
508 2128 577 2208 quis
591 2141 683 2208 neget
694 2129 771 2208 poni
785 2129 819 2188 in
832 2131 876 2188 rei
890 2126 1128 2211 typographicae
1141 2129 1190 2187 in·

131 2215 297 2278 cunabulis
310 2229 339 2277 et
351 2217 550 2276 incrementis
563 2216 803 2296 cognoscendis?
813 2237 869 2276 nec
882 2231 988 2277 tamen
1000 2237 1058 2277 nos
1070 2217 1102 2277 id
1115 2237 1189 2276 con·

132 2307 241 2368 silium
253 2328 340 2368 nunc
356 2305 483 2388 quidem
496 2307 619 2387 sequuti
635 2327 755 2381 sumus,
769 2321 818 2382 ut,
841 2307 924 2388 quod
941 2326 1035 2366 nemo
1047 2306 1139 2366 facile
1153 2308 1189 2366 iu

131 2419 164 2458 se
177 2399 340 2479 receperit,
353 2395 461 2457 lectori
476 2416 584 2456 omues
597 2395 722 2477 Virgilii
735 2395 888 2455 editiones
902 2395 1188 2456 adnumeraremus.

131 2489 266 2563 Verum,
288 2507 386 2568 quum
405 2487 543 2547 criticam
559 2487 593 2544 in
609 2485 745 2565 aliquem
758 2499 919 2546 auctorem
933 2485 985 2544 vix
1001 2485 1075 2544 satis
1089 2483 1189 2544 felici·

131 2587 182 2636 ter
196 2596 231 2635 ac
246 2587 315 2636 tuto
332 2595 470 2635 exercere
486 2575 600 2658 possis,
620 2574 681 2632 nisi
699 2573 844 2633 lectionis
859 2572 994 2654 vulgatae
1007 2573 1143 2632 rationes
1158 2584 1189 2633 et

132 2682 272 2738 caussas,
293 2673 414 2738 ortum,
438 2660 505 2721 fata
530 2683 566 2721 ac
589 2661 820 2722 vicissitudines
843 2682 908 2722 non
930 2661 1024 2743 plane
1046 2662 1188 2740 ignores3

133 2771 296 2834 quumque
307 2753 341 2812 in
353 2763 516 2834 poetarum
529 2751 684 2834 principe,
695 2751 728 2810 iu
740 2771 803 2831 quo
813 2750 914 2810 multo
927 2748 1079 2832 majorem
1092 2749 1188 2808 etiam

132 2839 375 2922 diligentiamac
384 2838 588 2901 subtilitatem
597 2841 662 2900 sive
669 2840 843 2920 requirunt,
852 2840 916 2898 sive
924 2851 1083 2912 excusant,
1092 2857 1189 2922 quam

133 2931 214 2992 siin
232 2933 344 3012 quovis
363 2929 425 2992 alio
443 2945 570 2992 auctore
583 2931 731 3005 verseris3
750 2931 976 2991 accuratiorem
992 2929 1087 2989 talem
1104 2929 1188 2988 noti·

133 3021 212 3079 tiam
223 3019 323 3080 multo
336 3022 440 3079 minus
452 3033 603 3100 tanquam
613 3039 727 3079 vanam
739 3029 770 3079 et
779 3018 923 3079 inutilem
936 3017 1097 3098 aspernari
1106 3015 1189 3077 licet.

132 3107 215 3166 Tum
228 3122 300 3166 vero
313 3103 393 3165 illud
406 3105 606 3167 tolerandum
622 3127 761 3168 essenon
773 3106 955 3181 videbatur,
968 3104 1054 3186 quod
1067 3115 1189 3164 contex-

132 3206 185 3253 tus
201 3193 329 3275 quidem
345 3195 528 3275 virgiliani,
548 3195 587 3258 ad
607 3195 687 3256 illud
703 3217 804 3278 usque
821 3211 964 3278 tempus,
984 3214 1047 3277 quo
1064 3192 1104 3252 ab
1121 3193 1188 3254 Nic.

133 3282 264 3342 Heinsio
286 3283 457 3363 integritati
476 3303 554 3360 suae,
576 3298 730 3366 quantum
750 3284 878 3367 quidem
899 3303 956 3366 per
971 3282 1085 3358 libros,
1109 3299 1189 3364 quos

133 3367 302 3447 habemus,
314 3371 400 3448 licet,
413 3373 573 3434 restitutus
585 3387 647 3450 est,
658 3387 725 3436 tota
736 3376 833 3450 ratio,
847 3374 937 3456 origo
950 3393 986 3434 ac
1000 3367 1187 3456 propagatio

134 3473 260 3522 tantum
273 3483 338 3524 nou
349 3465 523 3544 ignoratur.
534 3465 628 3542 Quod
640 3466 746 3547 itaque
757 3467 790 3524 in
800 3465 890 3525 nullo
901 3484 968 3526 non
978 3477 1080 3524 vetere
1089 3464 1188 3544 scrip·
1261 3485 1266 3505 t

134 3561 204 3607 tore
210 3549 382 3610 admodum
391 3552 468 3612 utile
478 3567 508 3612 et
515 3553 732 3627 necessarium,
740 3567 836 3635 atque
844 3554 939 3614 etiam
947 3553 1077 3635 cognitu
1080 3551 1190 3634 jucun·

133 3635 213 3695 dum
229 3653 292 3696 esse
309 3638 555 3713 arbitrabamur,
574 3641 692 3722 primos
706 3639 841 3722 vulgatae
855 3640 999 3704 lectionis
1013 3659 1066 3700 ssu
1085 3653 1188 3700 textus

133 3718 252 3797 fontes,
272 3743 443 3807 eorumque
455 3726 587 3802 rivulos,
608 3741 714 3788 tenere
725 3742 755 3788 et
770 3731 802 3790 in
814 3741 943 3812 promtu
957 3727 1088 3802 habere,
1103 3726 1188 3787 unde

134 3830 170 3871 ea
185 3813 294 3890 ducta,
313 3836 477 3899 quousque
488 3837 651 3900 progressa
666 3821 720 3894 sit,
739 3819 866 3900 quaudo
879 3839 1004 3878 cursum
1019 3816 1189 3878 mutaverit

134 3915 190 3962 aut
201 3902 370 3980 inflexerit,
389 3926 491 3988 quove
502 3919 643 3992 tempore
654 3908 795 3971 nobilior
808 3907 914 3990 aliqua
927 3907 1025 3969 editio
1038 3925 1189 3968 successe·

134 3993 192 4069 rit,
205 4013 301 4076 quam
311 4006 463 4078 tauquam
471 3995 581 4060 ducem
589 3997 731 4082 vulgares
738 3999 866 4081 reliquae
874 4011 1094 4081 aequoreorum
1104 3995 1187 4058 idem
