2726 4592
237 269 300 356 376
484 263 1029 334 P.vtuGtL11MtR01tts

339 444 530 488 vtttotttus
551 444 667 484 ussott
687 445 859 500 unusquis
879 445 1014 486 GHAEClS
1036 447 1170 490 POETIS.

270 572 430 654 Superavit
453 567 641 643 Pindarum,
667 566 858 646 Hesiodum,
883 567 1105 651 Apollonium,
1130 570 1282 632 Theocri-

232 677 309 722 tum.
324 664 368 722 De
381 659 516 734 Pindaro
536 671 626 718 testes
641 659 809 732 lovianus,
828 671 858 718 et
873 659 1028 739 Scaliger:
1049 660 1102 719 ille
1120 662 1153 718 in
1173 663 1280 736 Actio,

232 749 284 810 hic
297 753 330 808 in
343 750 467 810 Critico.
479 749 525 807 De
536 745 672 806 Hesiodo
685 745 834 828 Scaliger,
847 761 876 806 et
888 747 1082 808 politianus?
1096 747 1150 808 ille
1163 750 1197 806 in
1212 750 1279 809 Cri-

232 842 295 901 tico
306 843 349 900 ita
362 841 420 899 ait:
435 863 449 892 ιι
459 839 609 896 Universa
620 857 713 918 opera
726 837 852 896 Hesiodi
865 857 905 896 ne
915 857 986 898 cum
998 839 1201 918 unoquidem
1214 859 1279 897 ver·

232 951 267 990 su
282 931 453 1010 Georgicon
467 941 541 986 sunt
553 925 782 1008 comparanda:
794 951 808 981 ιι
822 924 873 986 hic
887 929 920 985 in
933 927 1063 986 Manto:
1079 951 1093 982 ιι
1104 923 1278 986 Hesiodum

230 1019 354 1099 premit.
365 1043 378 1071 ι
389 1014 530 1074 Vivesius
538 1015 647 1072 etiam:
661 1038 675 1069 ιι
685 1015 720 1073 ln
730 1015 889 1096 Georgicis
897 1013 1069 1074 Hesiodum
1077 1016 1143 1074 sine
1151 1028 1278 1074 contro·

231 1106 329 1164 versia
345 1104 515 1186 superavit,
530 1114 559 1161 et
574 1104 606 1161 in
622 1123 712 1162 cursu
729 1102 839 1161 multis
854 1102 960 1162 stadiis
978 1116 1050 1184 post
1067 1123 1097 1162 se
1113 1103 1252 1184 reliquit.
1264 1125 1277 1156 ιι

227 1195 274 1252 De
289 1192 457 1275 Apollonio
471 1189 594 1251 Delrius
608 1203 637 1250 et
651 1189 795 1272 Scaliger.
811 1187 868 1250 Ille
885 1192 918 1250 in
934 1193 1042 1271 Agam.
1062 1191 1115 1251 ubi
1135 1192 1292 1272 loquitur·

229 1280 268 1340 de
280 1293 476 1362 tempestate,
487 1275 651 1359 dequibus
662 1276 712 1336 his
727 1279 845 1359 poetis,
857 1280 910 1360 qui
924 1291 1135 1360 tempestatem
1149 1279 1279 1359 descrip-

229 1383 349 1444 serunt,
364 1369 403 1429 de
414 1367 545 1449 Virgilio
560 1369 604 1428 ita
619 1369 678 1426 ait:
693 1391 706 1422 ιι
717 1365 885 1450 Virgilium
900 1368 1034 1450 excipio,
1048 1370 1103 1450 qui
1118 1368 1164 1428 nil
1185 1366 1278 1427 moli-

227 1473 279 1520 tur
293 1463 406 1542 inepte.
420 1483 434 1516 ιι
447 1460 493 1518 De
508 1457 678 1539 Apollonio
691 1478 780 1518 vero:
797 1457 1009 1540 «Apollonius
1022 1479 1094 1518 vero
1107 1460 1155 1519 sui
1169 1459 1278 1518 similis

228 1561 285 1624 est,
299 1548 359 1612 hoc
373 1553 534 1625 est,'totus
549 1546 705 1630 plebeius,
720 1561 751 1606 et
765 1547 852 1622 vilis,
865 1561 911 1624 et,
923 1569 987 1608 non
1000 1569 1087 1624 meo,
1102 1547 1154 1608 sed
1167 1549 1278 1608 docto-

228 1661 299 1700 rum
316 1638 524 1722 quorumdam
538 1638 677 1718 judicio,
691 1637 756 1698 fere
768 1636 916 1718 indignus
928 1639 982 1719 qui
999 1638 1128 1719 legatur.
1143 1664 1157 1694 ιι
1174 1638 1279 1697 Hicin
1353 1659 1354 1690 ι

226 1732 344 1790 Critico
357 1754 364 1789 ι
379 1755 392 1784 ιι
405 1732 471 1788 Lux
487 1741 532 1787 est
546 1731 578 1787 in
591 1722 741 1808 Virgilio,
753 1727 861 1788 fumus
874 1726 1109 1811 in‘Apollonio:
1126 1729 1277 1808 indignus

226 1819 425 1898 Apollonius,
440 1819 492 1896 qui
503 1815 638 1896 legatur,
648 1817 703 1876 ubi
716 1829 760 1875 est
770 1815 859 1876 Maro
871 1839 881 1876 ε
892 1830 1001 1898 auget,
1015 1831 1046 1877 et
1057 1830 1196 1899 superat,
1209 1835 1277 1896 quse

227 1906 339 1985 accipit
351 1905 389 1963 ab
402 1903 569 1983 Apollonio
581 1925 588 1961 ι
602 1902 754 1984 relinquit
764 1901 858 1984 longe
867 1918 939 1986 post
950 1924 984 1965 se
994 1903 1199 1986 Apollonium
1210 1926 1217 1960 :
1229 1902 1277 1960 ad-

227 1991 326 2072 spirat
340 1991 471 2049 minime
481 1987 667 2069 Apollonius
678 1990 717 2048 ad
727 1992 861 2050 nitorem
872 1991 1014 2072 Virgilii,
1026 2005 1056 2052 et
1065 1983 1249 2050 efficaciam.
1260 2013 1273 2043 ιι

225 2080 273 2138 De
283 2077 448 2138 Theocrito
461 2076 582 2157 plures,
595 2099 670 2138 nam
683 2092 790 2139 auctor
801 2082 874 2140 vita
884 2079 1066 2161 Virgilianoe
1077 2102 1086 2138 ι
1102 2106 1116 2136 ιι
1129 2081 1203 2139 Fuit
1211 2080 1277 2138 Vir-

228 2164 325 2246 gilius
344 2166 597 2246 circumspectior
610 2165 785 2228 Theocrito.
797 2192 810 2222 ιι
826 2165 1015 2241 Politianus3

333 2281 474 2354 Virgilius,
489 2283 531 2334 cui
543 2301 604 2336 rure
617 2301 708 2350 sacro,
722 2285 764 2336 cui
777 2286 896 2358 gramine
907 2295 1001 2355 pastor

313 2389 323 2394 ··
333 2364 466 2428 Ascreus,
480 2363 637 2434 Siculusque
651 2382 730 2417 senex
743 2383 845 2417 cessere
857 2364 985 2417 volentes.

224 2475 344 2532 Servius
364 2473 403 2533 ad
423 2473 518 2534 lEcl.
540 2499 553 2529 ιι
564 2472 748 2536 Theocritus
763 2473 881 2556 ubique
900 2475 1031 2558 simplex
1044 2489 1105 2552 est3
1124 2475 1274 2558 Virgilius

224 2561 341 2642 figuras
360 2565 472 2646 perite,
492 2585 526 2622 ex
544 2563 698 2626 Theocriti
715 2563 857 2626 versibus
875 2565 965 2643 facit,
985 2588 1062 2649 quos
1078 2565 1119 2626 ab
1137 2567 1195 2626 illo
1208 2587 1277 2626 con·
1352 2605 1353 2648 T

225 2658 284 2710 stat
298 2651 396 2724 dictos
415 2673 479 2712 esse
497 2655 689 2736 simpliciter.
701 2682 715 2712 ιι
732 2655 841 2737 Scalig.
861 2681 875 2710 ιι
884 2654 1211 2736 VirgiliusTheocrito
1226 2677 1274 2714 ro·
1352 2665 1353 2680 ¹

224 2737 354 2798 tundior
373 2752 434 2816 est,
451 2743 578 2820 rectior,
595 2745 745 2824 vegetior,
765 2743 934 2819 efficacior,
952 2743 1100 2826 lepidior,
1120 2745 1273 2817 comtior,
1352 2781 1353 2808 ι

224 2828 354 2903 cultior,
366 2832 543 2907 venustior,
561 2833 708 2894 divinior.
728 2832 980 2895 Pharmaceutria
992 2833 1165 2915 Virgiliana
1183 2833 1274 2914 longe
1352 2829 1353 2854 ¹

224 2920 400 3000 castigatior
413 2931 471 2994 cst,
484 2935 514 2980 et
526 2921 712 3003 prudentior
720 2921 909 2998 Theocritia3
921 2925 963 2983 sic
975 2925 1123 3006 exprimit
1132 2923 1276 2985 Theocri-

223 3008 264 3065 tia
275 3052 284 3081 ,
297 3019 334 3066 ut
348 3007 452 3067 vincat
468 3030 474 3065 :
488 3020 598 3068 tractat
617 3010 725 3070 eadem
743 3011 880 3086 felicius,
895 3025 925 3070 et
940 3015 1091 3094 supponit
1106 3011 1249 3073 meliora.
1260 3039 1272 3068 ιι
1352 3007 1353 3010 ’

225 3094 398 3155 Gulielmus
413 3097 507 3154 etiarn
522 3097 677 3158 Modicius
693 3097 857 3160 conferens
868 3101 1032 3181 Virgilium
1045 3100 1275 3162 cum-Theocri-

221 3197 271 3258 to,
291 3185 334 3244 ita
354 3186 412 3244 ait:
436 3185 496 3246 «ln
515 3189 653 3248 carmine
671 3189 817 3250 Bucolico
835 3187 1017 3251 Theocritus
1036 3189 1200 3268 laudatur,
1220 3193 1272 3274 qui

220 3276 417 3356 pastoritiam
438 3276 665 3358 simplicitatem
686 3279 866 3360 diligentius
886 3293 928 3340 est
947 3281 1106 3340 imitatus:
1122 3283 1272 3362 Virgilius

159 3433 162 3438 ¹
221 3378 341 3438 autem,
356 3365 405 3422 cui
420 3368 614 3445 propositum
629 3380 710 3443 erat,
722 3367 782 3428 hoc
794 3371 887 3428 etiam
898 3372 1050 3452 poematis
1065 3391 1180 3452 genere
1194 3373 1274 3431 Lati-

221 3472 292 3510 nam
312 3450 450 3529 linguam
468 3451 676 3534 locupletare,
695 3457 863 3538 pastori‘tiae
882 3455 1088 3537 simplicitatis
1107 3455 1273 3538 allegorias

221 3538 406 3611 immiscuit,
422 3550 452 3595 ct
466 3559 512 3600 res
526 3541 603 3602 alias
619 3545 784 3624 quasdam,
799 3565 868 3626 quae
880 3544 1031 3625 majorem
1045 3545 1272 3622 eruditionem,

220 3637 250 3683 et
271 3644 392 3682 sensum
410 3623 554 3690 altiorem
569 3627 703 3708 hahent,
719 3653 813 3714 msam
835 3647 871 3692 ut
891 3629 1004 3692 humili
1026 3629 1136 3714 ligures
1158 3653 1272 3692 conve-

217 3715 288 3774 nire
297 3710 470 3773 videantur.
481 3717 585 3778 Homo
600 3721 739 3800 prudens
752 3737 782 3782 et
793 3723 988 3799 necessitate,
999 3734 1029 3782 et
1039 3735 1120 3781 certo
1135 3723 1269 3782 consilio

219 3801 281 3860 hoc
294 3797 367 3857 fecit
380 3804 543 3882 sapienter.
554 3832 567 3862 ιι
583 3809 623 3866 Εῐ
640 3823 744 3888 postea
757 3833 763 3868 :
779 3834 793 3864 ιι
804 3808 904 3868 Affert
920 3811 1017 3890 igitur
1029 3810 1180 3890 Virgilius
1199 3811 1269 3892 plus

217 3887 378 3961 utilitatis,
396 3903 427 3964 et
443 3891 549 3952 solidae
568 3894 796 3972 delectationis,
816 3917 911 3978 quam
925 3895 1124 3972 Theocritus,
1144 3900 1201 3979 qui
1222 3918 1269 3957 res

221 3973 334 4034 alicubi
348 3979 542 4057 turpissimas
551 3982 692 4064 loquitur
701 3997 820 4068 aperte:
836 4006 911 4067 quas
921 3985 1154 4067 Virgilius,au.t
1163 3999 1275 4070 praete-
