2654 4590
211 334 251 398 72
538 306 932 385 couuaumrm

207 429 312 494 Alecto
324 433 362 492 ab
376 431 482 492 inferis
492 431 611 490 bellum
624 430 868 506 inflammatura,
883 441 1074 514 vagamque
1092 451 1159 514 per
1173 429 1303 492 urbes

208 523 324 596 Italum
341 519 588 581 bacchabunda:
617 542 717 603 neque
736 523 820 581 enim
839 533 985 620 contenta
1004 533 1047 580 est
1065 523 1185 598 duno,
1215 523 1300 582 nisi

208 613 317 672 Manes
331 615 423 668 etiam
437 611 617 670 moverit.

221 681 315 774 [μ.
313 697 422 758 Addit
434 702 537 758 Venus
555 697 603 773 id,
626 697 710 778 quod
724 711 767 758 cst
779 697 1033 767 efficacissimum.
1054 698 1118 774 Qui
1136 711 1236 756 sunt
1254 699 1297 754 in

210 809 325 868 magno
342 793 444 846 rer'urn
464 787 658 862 discrimine,
677 787 847 869 pro‘salute
863 801 938 846 tuuc
954 799 1112 869 pugnant,
1134 787 1298 844 omissis

211 878 279 938 aliis
291 901 306 935 :-
317 875 389 936 ideo
401 897 474 958 ergo
488 880 592 936 Venus
606 879 666 951 ait,
685 876 750 946 nori
764 875 828 957 jam
843 897 874 936 se
890 877 1023 958 imperio
1036 877 1183 948 moveri,
1210 874 1299 933 for-

209 976 344 1030 turtures
362 965 497 1044 agitante
510 985 568 1046 pro
585 964 732 1039 libidine,
746 977 775 1022 et
787 985 847 1044 qua
860 963 997 1023 ductrice
1009 965 1066 1024 ista
1080 961 1266 1045 speranda
1284 984 1294 1020 ι

210 1052 639 1134 tantumtdeualute‘nepotis
655 1073 772 1112 curare.
794 1051 851 1111 Sed
865 1052 949 1128 vide,
962 1073 1057 1133 quarn
1070 1050 1184 1110 vivide
1200 1071 1291 1109 rem

210 1157 294 1224 gerat
302 1167 319 1218 ,¹
333 1155 363 1202 et
374 1142 512 1225 expende
524 1143 646 1223 aliqua:
667 1145 726 1218 ait,
746 1145 871 1224 ueniter,
891 1161 1053 1224 opponens
1065 1139 1196 1224 praeced
1201 1142 1291 1200 enti

207 1233 280 1291 voci
291 1227 417 1313 conjuu3
436 1231 524 1312 quasi
538 1230 637 1304 dicat,
655 1233 679 1289 si
693 1229 753 1289 hoc
764 1230 881 1310 conjux
898 1243 1005 1310 negat,
1025 1240 1056 1288 at
1068 1241 1103 1288 tu
1117 1249 1226 1288 meus
1246 1249 1289 1288 es

206 1318 331 1400 partitor,
352 1317 437 1399 quod
458 1319 592 1378 strictius
611 1317 790 1392 vinculum3
812 1319 951 1376 obtineat
969 1315 1088 1397 aliquid
1109 1337 1126 1374 a
1144 1329 1180 1374 te
1188 1313 1289 1396 filia

207 1421 314 1470 contra
324 1408 514 1468 voluntatem
526 1407 677 1488 conjugis.
687 1407 807 1467 Deinde
817 1409 988 1478 obtestatur
990 1401 1148 1490 firmantia
1156 1427 1287 1466 euersoe

210 1495 304 1581 Trojae
315 1497 444 1571 excidia,
463 1509 498 1556 ut
509 1499 655 1578 Juppiter
668 1497 772 1558 doleat
785 1497 976 1568 calamitates
985 1495 1142 1578 perpetim
1157 1497 1285 1554 conti-

206 1588 317 1646 nuarit
343 1583 445 1646 adhuc
463 1583 564 1644 fumat
578 1583 690 1665 Troja,
717 1598 747 1644 et
763 1585 830 1664 jam
846 1605 995 1645 vocamur
1013 1581 1051 1642 ad
1071 1581 1156 1642 mala
1180 1581 1260 1642 alia
1275 1606 1285 1657 ;

206 1673 310 1746 tenuat
326 1685 356 1732 te
375 1693 447 1753 ergo
464 1684 625 1736 tantorum
641 1671 795 1740 malorum
813 1670 1035 1732 misericordia.
1056 1673 1163 1729 Tertio
1182 1686 1282 1732 nota

208 1761 280 1836 illa,
294 1764 402 1820 AEneas
406 1757 547 1842 jactetur,
562 1774 635 1834 etc.;
651 1761 820 1820 contemnit
830 1761 912 1820 enim
926 1757 1055 1819 salutem
1067 1757 1124 1817 filii
1136 1753 1212 1838 praa
1224 1780 1283 1818 sa-

207 1853 272 1912 lute
286 1852 426 1931 nepotis:
441 1871 514 1910 uam
530 1851 583 1908 ille
596 1849 737 1926 adultus,
757 1864 785 1910 et
797 1849 861 1932 jam
878 1851 948 1910 'cum
966 1851 1086 1930 generis
1098 1869 1281 1930 propaga·

206 1943 307 2012 tione,
323 1937 487 2012 hic'adhuc
497 1941 651 2020 puer,=qui
663 1941 689 1998 si
702 1939 786 1998 bello
796 1942 924 2020 periret,
939 1937 1018 1996 nulli
1029 1935 1142 1996 deinde
1154 1936 1277 2000 futuri

206 2028 355 2100 Caesares,
366 2046 439 2086 nam
450 2026 497 2084 isti
504 2027 548 2084 ab
560 2027 689 2086 Ascanio
700 2049 707 2084 ι
719 2047 791 2106 ergo
800 2026 931 2105 jactetur
939 2027 1065 2098 AEneas,
1078 2021 1173 2082 ludat
1183 2045 1275 2084 cum

206 2114 262 2174 illo
284 2113 410 2172 fortuna
425 2133 441 2170 ι.
461 2111 619 2172 sed'uivat
638 2115 812 2187 Ascaniusr·
824 2129 934 2194 tegam
947 2110 1055 2184 illum,
1080 2109 1276 2172 subducam

207 2205 340 2286 pugnae}
359 2221 433 2260 uam
451 2201 490 2260 ab
510 2202 720 2272 illurCaesarcs
738 2203 879 2276 oriundi,
901 2201 988 2281 quasi
1005 2221 1070 2259 non
1085 2214 1151 2258 tam
1168 2200 1215 2260 de
1234 2224 1276 2262 se

205 2295 325 2372 Venus,
339 2308 433 2370 quarn
449 2288 673 2350 derfiaesarihus
688 2291 728 2349 sit
741 2291 843 2350 anaia.

248 2383 295 2443 51.
310 2381 547 2440 Adnectuntur'
539 2392 606 2438 ista
609 2379 835 2460 superioribus,
849 2401 873 2438 st
868 2377 965 2439 nulla
977 2392 1019 2440 est
1027 2399 1120 2460 reqto,
1137 2381 1273 2439 Teucris

204 2494 296 2558 qaam
311 2471 360 2530 det
375 2483 425 2544 nat
439 2465 569 2552 conjura
586 2471 673 2568 quasi
690 2467 792 2532 dicat:
811 2468 999 2528 intercludat
1015 2467 1095 2527 mihi
1107 2467 1177 2527 loca
1192 2469 1268 2529 alia

205 2583 272 2624 non
287 2579 363 2618 meae
374 2557 519 2628 ditionis·
513 2557 623 2636 atqui
635 2554 842 2631 Amathunta,
856 2555 1004 2659 Paphon,
1019 2555 1173 2638 Cythera,
1188 2553 1270 2618 Ida·

205 2652 284 2710 lium
295 2667 359 2704 non
371 2645 494 2724 poterit.
507 2645 622 2702 Lateat
636 2642 686 2704 hic
698 2647 844 2706 Ascanius
856 2647 949 2704 etiam
961 2647 1026 2704 sine
1038 2645 1140 2726 gloria
1152 2643 1267 2706 armo-

206 2757 293 2797 rum:
314 2731 435 2814 quodsi
449 2729 520 2804 fiat,
539 2733 604 2807 (est
618 2730 678 2791 hoc
686 2747 696 2807 ,'
713 2754 732 2792 o
743 2735 865 2806 Lector,
885 2735 1032 2792 eximium
1049 2732 1233 2814 quiddam'
1223 2757 1262 2795 tu

205 2825 330 2885 laudem
342 2819 577 2898 Romanorum)
587 2819 712 2900 jubebis
727 2821 879 2904 proinde,
893 2835 927 2881 ut
941 2835 1008 2882 tuto
1023 2820 1180 2902 Carthago
1193 2824 1261 2884 lta·

184 3007 188 3016 ⁸
204 2985 288 3056 superi
300 2994 362 3036 sunt
378 2979 513 3048 homines,
530 2983 576 3053 qui
590 2985 627 3041 ita
639 2984 704 3038 dicti
748 2987 875 3044 nominet.
885 2985 981 3043 Donat.
990 3013 1024 3022 -·-
1034 2987 1154 3056 conjunx
1166 2983 1256 3034 Dura.

203 3085 266 3125 ,cum
277 3065 405 3118 relatione
418 3063 453 3115 ad
467 3063 578 3120 inferos.
747 3067 796 3120 Hic
815 3063 1045 3136 distinguendum,
1064 3081 1098 3114 ne
1116 3065 1257 3134 incipiant

241 3148 283 3212 [μ.
302 3143 401 3199 Alecto.
419 3143 606 3202 Commoverat
623 3162 704 3216 supe·
747 3163 804 3200 esse
812 3145 866 3202 duo
875 3143 1007 3216 epitheta,
1019 3167 1030 3199 ,«
1041 3143 1256 3203 duralumantia

203 3245 261 3295 ros,
272 3238 380 3290 ventos,
390 3223 499 3287 fluctus,
509 3237 607 3288 terras,
617 3223 704 3278 homi·
747 3224 881 3286 excidia.»
895 3225 969 3276 Dura
982 3236 1069 3276 autem
1082 3221 1184 3276 debera
1196 3223 1255 3274 dis·

202 3325 257 3359 nes.
279 3305 431 3358 Restabant.
440 3316 527 3359 autem
539 3303 634 3370 Inferi,
654 3305 702 3358 sed
746 3305 831 3376 tingui
843 3307 900 3377 ipse
912 3323 943 3357 ex
956 3322 1072 3374 persona
1080 3303 1197 3356 lunonis
1210 3323 1256 3356 ua·

202 3401 229 3440 et
238 3386 288 3438 hos
298 3385 481 3455 nupermovit.
489 3384 585 3440 Donat.
594 3385 701 3443 -Bac-
746 3385 838 3438 tendit.
852 3408 863 3432 a
874 3386 937 3452 Quae
948 3385 1015 3436 dura
1025 3385 1148 3454 potentia
1154 3397 1254 3438 nostra

202 3467 278 3519 clrata
290 3482 338 3536 per
349 3461 427 3515 ortes.
446 3463 507 3516 Nou
523 3475 633 3534 vagata,
653 3465 701 3518 sed
746 3467 834 3537 agith
851 3465 885 3518 Et
895 3467 960 3518 mire
971 3467 1099 3536 conjttaa',
1114 3466 1194 3534 quasi
1207 3467 1253 3517 vi-

201 3545 336 3608 bacclrata,
347 3541 375 3595 id
387 3553 440 3605 est,
452 3543 581 3611 perfurit:
595 3557 621 3596 et
631 3544 699 3598 bene
711 3557 713 3560 ’
744 3547 810 3606 tium
822 3547 910 3601 mariti
922 3547 963 3596 sit.
977 3541 1065 3598 'Nulla
1078 3553 1169 3598 utitem
1179 3547 1253 3618 nyio

201 3625 338 3686 bacchata,
361 3623 424 3690 quia
440 3640 489 3691 per
505 3623 700 3680 simulationem
744 3625 874 3680 invidiose
886 3623 965 3688 dixit,
979 3634 1010 3674 ut
1022 3639 1118 3692 supra,
1135 3622 1252 3678 tenne..

201 3719 337 3760 sacrorum
356 3699 450 3753 Liberi
475 3703 576 3771 patris,
602 3717 698 3760 matres
744 3717 786 3756 tus
799 3703 835 3756 ob
847 3704 951 3756 ltaliam
963 3715 1093 3759 terrarum
1111 3701 1252 3757 clauditur

199 3792 290 3857 egerat
302 3797 330 3832 m
336 3779 465 3833 furorem
479 3780 549 3836 Serv.
635 3811 637 3818 ·
693 3817 697 3836 1
745 3784 839 3840 orbis»
828 3781 1252 3853 m-quumasolaarceanturlta

235 3863 279 3953 44.
293 3859 350 3910 Tua
358 3875 478 3931 conjunx
486 3858 699 3930 Obliquehacte·
742 3863 788 3919 lia
796 3862 866 3916 Seru.

199 3959 250 3994 nus
260 3941 287 3992 iu
300 3957 358 3989 eam
367 3936 456 3992 locuta
469 3951 523 3992 est:
537 3957 608 3994 nunc
619 3939 699 3992 dolo·
746 3939 820 4007 54.
836 3941 963 4014 Cunlapo
975 3915 1077 4014 premat
1088 3940 1248 3996 Ausoniam.

200 4037 236 4072 nt
244 4017 400 4071 necessitate
408 4017 590 4090 compellitur,
601 4031 630 4069 ut
639 4039 696 4074 eam
741 4021 856 4084 Militare
877 4021 1005 4088 verbum,
1030 4023 1074 4073 cui
1096 4023 1250 4092 respondet
