2654 4590
300 329 353 392 1u
376 325 613 392 nunroos
637 327 731 389 ure.
755 329 795 391 x.
1026 337 1067 424 87

50 451 159 528 lscanii,
176 463 211 512 nt
227 471 332 532 quum
344 453 482 534 primum
494 450 532 510 ad
544 463 673 530 portum
685 448 819 531 adpellet
831 450 890 512 sub
905 473 1070 537 auroram,

50 541 123 598 socios
138 540 173 599 ad
188 540 315 599 bellum
329 552 503 620 comparet,
524 552 646 620 arrepto
665 535 778 621 cly'peo
796 539 947 600 Vulcani:
967 541 1069 608 obiter

47 625 162 708 Nympha
173 627 272 688 fidem
285 631 336 688 sui
348 629 439 704 facit,
451 639 486 688 ut
497 625 640 686 credatur
653 627 687 685 in
699 627 854 708 auspicio,
867 628 952 709 quod
964 633 1067 693 statim
1081 697 1084 704 x

48 713 134 775 infert:
147 738 221 776 nam
233 717 319 776 illud
331 718 371 778 de
385 718 477 778 armis
489 714 622 777 Vulcani
634 716 729 792 scire,
743 717 803 776 nisi
815 716 881 776 Dea
891 731 989 794 esset,
1002 741 1069 782 non

48 817 152 882 poterat.
484 859 488 870 ,

75 893 130 970 144.
142 897 189 956 En
199 895 271 976 jam
283 897 360 958 felix
371 899 559 980 auspicium!
572 896 691 956 videbit
702 896 755 956 lux
767 899 898 960 crastina
912 901 1069 982 ingentem

47 980 150 1056 adem,
164 1005 262 1064 quam
277 1001 314 1046 tu
327 985 465 1046 editurus
478 1007 525 1060 es,
541 998 664 1046 tantum
676 984 765 1046 crede
778 985 810 1044 id
823 985 901 1046 fore.
995 1019 998 1026 ·

13 1029 15 1108 l
76 1067 131 1144 ato.
143 1074 270 1134 Servius
284 1073 395 1134 laudat
407 1087 543 1156 poetam,
571 1074 625 1155 qui
637 1071 767 1148 dixerit,
788 1073 931 1134 discedens
942 1074 1056 1156 impulit
1062 1099 1074 1151 ,·

13 1183 14 1196 ¹
48 1151 184 1232 adjuvatur
197 1163 289 1220 enim
305 1161 411 1243 pulsus
426 1162 587 1222 recedente
601 1182 652 1236 eo,
672 1162 726 1242 qui
745 1161 922 1242 impulerit:
943 1183 1016 1242 ergo
1034 1163 1072 1233 ab

12 1313 13 1320 ἵ
49 1238 88 1302 hac
101 1248 127 1305 vi
143 1249 318 1331 impresse,
337 1253 489 1332 sequitur,
508 1252 592 1334 fuqit
609 1248 663 1310 itta
679 1271 731 1332 per
746 1249 840 1310 undas
856 1271 944 1330 ocyor
948 1274 960 1324 ‚·
980 1263 1011 1311 et
1028 1272 1072 1312 se·

12 1381 13 1410 ,
50 1334 132 1410 quitur
143 1337 262 1421 duplex
277 1343 490 1422 comparatio.;
504 1343 623 1422 prima,
637 1337 774 1423 etjaeulo
782 1364 794 1412 ‚-
810 1339 925 1414 altera,
942 1353 971 1399 et
979 1353 1076 1400 ventos

11 1438 13 1528 y
49 1441 156 1502 cenante
166 1433 287 1512 supitta.
310 1430 396 1507 Quid
410 1453 483 1494 vero
498 1430 591 1506 illud,
612 1429 693 1491 houd
705 1434 809 1512 iqnara
820 1429 921 1490 modi?
939 1429 1078 1509 loquitur

11 1529 12 1548 ³
49 1528 100 1569 tum
112 1533 251 1598 respectu
267 1517 308 1578 ad
323 1521 460 1600 primam
471 1519 607 1582 formam
619 1541 626 1578 ε
641 1516 787 1601 Nympha
799 1516 867 1577 haec
877 1518 965 1599 prius
976 1517 1078 1576 fuerat

10 1555 13 1688 4
49 1603 130 1677 navis,
145 1627 177 1666 ac
189 1607 330 1691 proinde
345 1607 477 1684 sciebat,
493 1611 547 1690 qui
559 1607 748 1690 impellendo
761 1631 769 1668 ι
787 1607 857 1668 ideo
870 1619 993 1688 postea3
1012 1605 1079 1667 inde

10 1691 12 1738 f
50 1685 102 1748 alic
115 1690 239 1755 celerant
256 1715 377 1755 cursus:
399 1695 431 1754 id
448 1709 509 1771 est,
524 1695 696 1776 explicante
714 1695 834 1769 Servio,
854 1692 1080 1776 Nymplaealioe
1097 1708 1102 1716 ’

10 1783 11 1838 i
50 1776 159 1858 efficiunt
167 1805 273 1845 cursus
283 1782 412 1844 aliarum
424 1788 546 1846 navium
558 1783 719 1859 celeriores,
734 1786 927 1869 sicutfeeerot
937 1783 1078 1867 Cymodo-

9 1843 11 1920 l
50 1884 104 1924 eea:
116 1868 164 1927 sed
176 1871 283 1952 placet
296 1886 417 1947 tamen,
432 1885 468 1932 ut
478 1869 546 1932 aliae
555 1873 619 1931 sint
630 1871 698 1932 atie
711 1891 820 1947 naves,
833 1892 902 1952 quae
911 1872 951 1932 ad
961 1872 1079 1952 regiam

9 1981 10 2032 ;
51 1953 198 2036 impulsam
210 1963 290 2044 ipsae
303 1983 427 2043 quoque
439 1962 624 2022 celerrimae:
643 1961 729 2043 quod
744 1975 775 2022 et
785 1962 907 2022 Servius
921 1960 1079 2044 amplecti·

51 2056 97 2103 uu.
110 2048 255 2130 Sequitur
268 2051 434 2112 admiratio
446 2054 564 2128 AEneae,
583 2054 688 2134 potius
705 2066 829 2134 stupor,
849 2053 953 2132 utqui
973 2054 1081 2111 inscius

50 2149 136 2194 rernm
149 2159 278 2215 earum,
298 2161 373 2220 quas
391 2139 550 2200 andierat:
573 2153 605 2202 et
623 2141 697 2202 inde
714 2143 806 2201 etiam
823 2137 956 2200 alacrior
966 2135 1080 2212 factus,

52 2225 140 2284 omnia
150 2225 216 2290 haee
230 2230 264 2288 in
278 2250 369 2290 omen
383 2231 502 2312 arripit.

7 2394 8 2399 η
82 2314 660 2402 251.PrecesAEneaeadCybelem,quae
668 2318 1080 2400 materDeorumomnium,

8 2399 9 2430 r
54 2404 180 2472 eteadem
191 2429 267 2470 cum
277 2423 373 2470 terras
386 2408 456 2470 ideo
467 2409 562 2484 alma,
574 2412 648 2490 quia
656 2430 774 2490 patens,
788 2421 818 2466 et
828 2407 913 2466 alens
923 2407 1065 2465 universa
1074 2427 1084 2466 :¹

53 2490 117 2552 ldoea
124 2497 160 2556 ab
170 2497 229 2557 lda
238 2512 344 2558 monte
353 2497 469 2580 Trojae,
481 2497 536 2560 ubi
548 2500 647 2559 culta:
662 2500 711 2558 eui
720 2496 872 2578 Dindyma
882 2493 979 2568 cordi,
991 2514 1082 2554 mons

53 2593 87 2638 est
97 2580 237 2666 Phrygiae
253 2584 327 2645 huic
340 2587 413 2646 Deae
432 2606 533 2662 sacer,
548 2584 632 2646 unde
647 2597 677 2644 et
687 2583 872 2666 Dindymene
883 2581 965 2641 dicta
977 2582 1016 2640 ab
1029 2581 1085 2639 Ca·

54 2667 134 2732 tullo:
156 2677 359 2757 turriqeraeque
374 2675 472 2752 urbes,
496 2677 570 2757 quia
585 2673 689 2735 Tellus
705 2675 817 2734 turrita
833 2674 865 2733 in
883 2675 998 2753 capite;
1019 2667 1085 2750 ejus

54 2758 152 2826 scilicet
162 2766 369 2830 simulacrum
381 2787 452 2826 curn
469 2787 584 2827 corona
601 2763 697 2846 plena
712 2762 866 2823 turrium:
887 2757 1032 2842 bijnqique
1046 2757 1087 2817 ad

52 2845 131 2923 frene
140 2850 252 2928 leones,
266 2855 337 2934 quia
349 2867 434 2914 vecta
446 2853 512 2914 haec
522 2857 586 2914 Dea
595 2849 758 2920 leonibus3
774 2869 837 2928 quo
847 2861 990 2919 notatur,
1004 2845 1085 2905 fero·

54 2937 175 3002 cissimos
189 2945 392 3026 quantumvis
404 2945 550 3002 maternis
559 2941 650 3022 jussis
664 2935 778 2996 debere
794 2955 858 2995 esse
870 2933 1087 2994 obedientissi-

56 3044 122 3087 mos.
139 3031 218 3092 Vide
231 3054 305 3092 vero
319 3053 412 3114 quam
426 3049 579 3111 pomposa
593 3025 728 3108 captatio
742 3025 945 3106 praecesserit,
965 3036 1002 3081 ut
1015 3023 1084 3082 sub-

54 3107 141 3190 jiciat,
165 3122 212 3177 Tu
233 3119 326 3191 milri,
350 3130 405 3177 etc.
428 3118 501 3175 Tria
523 3116 615 3198 petit,
638 3116 677 3173 sit
699 3112 843 3194 princeps
866 3107 904 3166 ad
925 3128 1086 3188 pugnam:

55 3218 222 3284 prosperum
235 3205 330 3266 faciat
341 3205 578 3288 propitiumque
590 3202 774 3283 augurium
789 3193 936 3256 namhoc
950 3207 1011 3272 est,
1021 3217 1087 3280 pto·

54 3289 179 3370 pinquare
190 3296 367 3374 auqurium:
383 3293 465 3352 adsit
475 3291 616 3372 Trojanis
629 3285 703 3348 felix
715 3300 745 3346 et
757 3285 868 3343 fausta.

93 3376 155 3438 256.
178 3379 239 3438 Vix
259 3378 394 3468 dixerat,
424 3399 521 3459 quum
541 3376 608 3458 jam
629 3376 693 3436 dies
717 3371 839 3446 aderat,
867 3391 929 3430 nox
951 3369 1085 3430 abierat:

86 3572 139 3638 ²4⁵·
147 3575 474 3646 Spemtitcoetisaemos.
482 3575 545 3626 fleo
590 3591 606 3623 o
620 3571 717 3634 AEnea,
729 3569 751 3620 si
765 3584 822 3638 qnae
835 3563 896 3616 dico
908 3563 1016 3615 minime
1028 3581 1088 3614 ore·

58 3661 156 3706 estsere
166 3656 262 3707 lectio:
275 3669 302 3708 et
309 3656 377 3708 ordo
386 3667 439 3719 est3
450 3653 477 3705 si
485 3672 545 3706 mea
590 3650 646 3716 dis,
657 3667 673 3700 o
685 3647 731 3699 lux
741 3645 870 3708 crastina,
881 3643 1000 3713 ingentes
1009 3640 1088 3692 credis
1154 3703 1158 3716 Χ

58 3726 120 3783 dicta
131 3734 206 3786 irrita
220 3753 274 3785 non
286 3735 405 3806 poteris,
429 3734 545 3784 crastina
592 3745 703 3782 acervos
716 3725 829 3778 videbis.
838 3719 1008 3793 -Spectabit
1017 3738 1090 3772 acer„

59 3804 215 3883 luingentes
223 3831 334 3866 acervos
342 3811 421 3864 cedis
429 3809 543 3862 videbit:
590 3828 640 3862 vos.
652 3806 774 3859 Predixit
786 3805 890 3864 lutura,
900 3813 930 3852 ut
938 3801 995 3852 Dea
1003 3818 1090 3871 appa·

58 3891 545 3966 nammaleqnidamspeetabislegant,
590 3900 669 3942 reret.
686 3887 755 3938 Don.
768 3885 874 3938 etServ.
1027 3958 1033 3969 ι

59 3971 126 4022 etad
142 3971 222 4026 lucem
242 3974 378 4026 referunt:
399 3971 473 4043 qnod
491 3990 546 4024 non
628 3965 688 4020 256.
705 3965 820 4018 Tantum
834 3959 1091 4033 effatus'Bremer,

58 4050 182 4116 procedit:
193 4054 285 4107 nullut
293 4054 364 4105 enim
371 4053 409 4104 tic
419 4051 547 4121 loquitur,
592 4059 623 4100 nt
634 4045 804 4118 supradixit,
818 4052 929 4114 propter
939 4036 1027 4090 lucem
1034 4038 1090 4103 jam
