2704 4582
288 318 341 380 lu
364 319 598 384 AENElDOS
622 321 714 382 LlB.
738 321 777 384 X.
991 329 1049 393 115

69 441 122 501 656.
141 440 299 499 Iudicatur
326 442 448 500 occasio
467 439 620 501 liberandi
638 444 735 500 Turni
760 464 778 502 a
796 442 878 503 bello
900 455 930 504 et
951 448 1052 524 caede,

47 549 91 606 que
101 527 140 586 illi
152 528 354 587 imminebat:
375 541 439 587 erut
455 528 585 588 fortasse
601 533 688 588 navis
704 529 823 590 haerens
835 539 1053 612 promontorio

47 617 98 694 ipsi,
112 638 175 676 cum
187 616 277 677 scalis
290 619 441 698 expositis
457 633 488 677 et
499 633 607 700 parato
621 632 731 700 ponte3
753 642 815 701 qua
832 642 910 681 nave
929 623 1053 684 Osinius

49 705 90 762 lex
98 704 250 766 advenerat
260 727 278 765 e
288 706 396 766 Clusio
406 730 412 764 :
424 705 487 766 buc
497 728 529 767 se
538 709 571 766 in
582 709 688 788 fugam
698 707 829 789 conjecit
839 711 942 791 imago
953 714 1053 774 AEneae

48 791 143 870 trepida.
163 796 289 852 Turnus
312 793 421 853 ardore
440 815 555 874 magno
577 809 691 875 putans
710 816 818 855 verum
838 819 900 856 esse
918 800 1052 874 AEuean3

49 899 97 937 cun
108 883 214 963 impetu
227 883 368 958 involat,
388 885 500 960 instat,
519 905 554 944 ac
566 898 677 966 pontes
690 886 841 962 transilit,
856 888 964 948 avidus
976 911 1053 950 asse-

49 969 131 1044 quendi
144 970 255 1032 bostis:
277 973 330 1032 sed
349 974 401 1031 vix
414 993 540 1054 proram
553 975 710 1055 attigerat,
732 995 830 1055 quum
845 977 864 1032 J
867 997 929 1036 uno
945 977 1055 1038 funem

50 1060 120 1137 rupit,
136 1082 241 1121 navem
256 1063 388 1138 avulsit,
407 1084 443 1122 ac
455 1065 559 1145 rapuit
570 1083 626 1145 per
639 1062 760 1122 turbata
774 1066 880 1125 maria.
899 1068 956 1125 Per
967 1071 1056 1148 crepi-

49 1143 116 1204 dinem
130 1148 191 1209 cebi
208 1155 292 1225 saxi,
316 1153 418 1233 accipe
434 1173 561 1234 rupem,
583 1173 652 1234 quae
672 1155 769 1212 instar
786 1157 995 1234 promontorii
1012 1157 1055 1216 ibi

51 1233 135 1310 inerat;
146 1260 178 1299 ac
189 1243 238 1300 cui
252 1240 422 1322 conjuncta
434 1243 536 1302 Osinii
548 1245 636 1302 navis
650 1256 681 1302 et
693 1241 823 1322 illigata.
939 1307 941 1311 ,

77 1324 125 1383 661.
143 1328 203 1388 lsta
221 1333 333 1390 omnia
352 1330 445 1412 longe
461 1353 479 1390 a
495 1353 586 1405 vero;
607 1353 708 1413 neque
727 1333 811 1390 enim
829 1331 939 1391 AEneas
958 1333 1057 1414 fugit,

53 1428 121 1490 neque
129 1416 245 1477 Turnus
261 1418 337 1478 inde
351 1417 471 1500 aliquid
483 1418 591 1498 gloriae
604 1419 731 1479 habuit:
749 1421 847 1478 immo
861 1435 935 1478 tunc
945 1421 1057 1480 AEneas

53 1496 72 1552 iu
81 1519 157 1559 riuum
165 1506 307 1566 Turnum
316 1507 489 1582 ferebatur,
500 1508 610 1568 obvios
621 1528 774 1588 quosque,
787 1506 863 1565 dum
872 1506 960 1565 illum
973 1529 1056 1588 quae·

52 1583 88 1657 rit,
99 1605 302 1665 prosternens:
319 1597 406 1677 atqui
420 1597 524 1677 imago
539 1599 684 1671 interim,
699 1595 794 1656 nullis
806 1595 932 1654 latebris
945 1598 1056 1676 quaesi·

53 1671 89 1743 tis,
99 1676 122 1732 in
134 1677 224 1740 altum
237 1685 375 1762 rapitur,
390 1683 623 1765 dissipaturque
633 1687 667 1743 in
678 1697 774 1743 atram
786 1684 919 1758 nubem,
933 1686 1058 1743 turbine

52 1763 153 1838 rapiente
162 1769 305 1830 Turnum
318 1791 374 1852 per
387 1773 495 1832 maria.
991 1783 996 1792 '

79 1848 129 1910 666.
141 1855 213 1914 'lum
224 1857 354 1918 demum
363 1862 486 1919 Turnus
496 1859 667 1920 ludibrium
680 1882 741 1922 esse
754 1861 923 1936 intellexit,
937 1864 1058 1920 tametsi

53 1935 144 2013 ignarus
154 1944 228 2005 illud
241 1947 311 2006 fieri
328 1950 363 2008 in
375 1947 508 2008 salutem
522 1969 626 2024 suam,
645 1954 846 2030 ingratusque
862 1950 901 2008 de
917 1963 1059 2030 acceptu,

52 2042 129 2084 rocem
139 2029 173 2088 ad
185 2034 296 2093 caelum
308 2049 339 2094 et
350 2056 461 2094 manus
474 2035 600 2095 sustulit
612 2059 683 2096 cum
696 2037 839 2118 querelis.

76 2185 120 2239 653.
136 2195 201 2245 Forte
215 2199 283 2249 ratis.
302 2197 453 2268 Descriptio
466 2219 514 2269 per
559 2210 653 2270 spectu
670 2200 762 2252 Sieulae
774 2199 890 2262 telluris,
909 2201 976 2251 Cum
988 2200 1058 2250 Juno

54 2261 515 2348 irluufactamonenimasuperio·
559 2291 686 2330 aeternum
708 2297 852 2329 servans.»
883 2277 946 2328 ldeo
971 2291 1059 2328 autem

55 2342 104 2394 ribus
111 2350 205 2417 pendet,
214 2355 259 2406 sed
268 2354 411 2406 antedictis
420 2357 513 2426 adjun·
559 2360 669 2428 rumpit,
688 2377 721 2408 ne
734 2357 900 2427 deprehenso
914 2356 976 2406 dolo
989 2357 1059 2406 Tur·

56 2423 113 2489 gitur:
124 2442 160 2490 ut,
174 2434 279 2486 nlnsula
294 2435 427 2486 Sicanium
438 2439 514 2505 juxta
558 2455 608 2489 nus
621 2439 648 2487 in
658 2437 757 2487 bellum
772 2436 877 2487 rediret.
891 2436 960 2486 Serv.

56 2501 126 2556 litus..
146 2512 192 2563 llas
212 2529 302 2567 autem
321 2515 513 2586 descriptiones
595 2516 656 2567 666.
679 2515 796 2586 Respicit.
821 2514 980 2564 Conferatur
1002 2511 1059 2565 haec

56 2599 93 2635 use
109 2601 171 2658 aptas
188 2606 211 2645 et
232 2611 308 2646 raras
329 2597 461 2647 convenit.
481 2625 515 2633 -
559 2597 624 2666 fuga
633 2595 731 2658 Turni,
743 2595 843 2657 oratio,
858 2593 986 2658 affectus,
999 2611 1059 2644 cum

58 2662 219 2732 Cupidinem
232 2674 343 2745 Crepido
355 2686 395 2725 est
407 2674 515 2745 abrupti
558 2675 624 2744 fuga
633 2671 732 2724 Alarici
741 2672 774 2722 ab
783 2671 868 2737 ltalia,
879 2674 1009 2737 oratione,
1021 2667 1059 2724 al*-

57 2743 93 2790 tui
99 2745 201 2800 altitudo.
210 2751 358 2823 crepidines
365 2754 445 2804 etiam
453 2764 515 2804 tem-
558 2753 673 2805 tectibus
684 2751 757 2822 apud
766 2751 861 2804 Claud.
873 2752 906 2803 de
916 2753 965 2816 Vl,
978 2752 1057 2804 Cous.

55 2818 128 2884 plenu
135 2826 181 2880 dici
190 2831 260 2901 ipsos
271 2846 412 2902 suggestus
421 2833 447 2882 in
457 2834 515 2902 qui-
560 2836 661 2886 Honor.
672 2833 760 2886 Cerdo.
770 2863 803 2870 -
810 2835 921 2904 Ipuarus
929 2852 1020 2884 renim.
1029 2834 1060 2884 Id

57 2895 91 2949 bus
98 2903 151 2957 edes
160 2923 216 2960 suut
225 2911 373 2962 conlocata
382 2934 388 2972 ;
402 2924 427 2963 et
439 2911 520 2982 erupi·'
561 2927 615 2980 est,
629 2913 708 2976 artis,
717 2929 853 2981 perquam
862 2924 982 2962 evaserat
991 2932 996 2959 ι
1007 2911 1060 2963 hoc

58 2975 210 3054 lirresvituum,
223 2990 313 3055 idest,
324 2992 388 3062 ipsae
400 2992 516 3042 eminen-
562 3006 615 3056 est,
634 2993 756 3044 nesciens
775 2990 826 3041 hoc
843 3009 892 3059 pro
910 2991 995 3042 salute
1012 3009 1060 3042 sua

58 3057 85 3106 tic
97 3060 176 3118 dextra.
191 3070 364 3139 sinistraeque.
385 3071 453 3122 Sane
472 3069 516 3121 bic
561 3074 676 3136 lactum,
688 3069 804 3139 ideoque
817 3081 843 3120 et
854 3069 988 3138 ingratus3
998 3087 1060 3118 nam

58 3135 168 3210 lutiptosia
183 3148 253 3202 facta
274 3162 314 3200 est
337 3163 448 3220 propter
464 3169 517 3200 me·
561 3165 588 3204 et
596 3152 723 3221 queritur.
732 3149 1061 3218 Seru—Inpratusquesa·

59 3227 112 3270 ΨΜ·
134 3227 263 3299 Coujuncta
288 3249 352 3300 ergo
373 3229 515 3300 crepidine,
562 3230 631 3282 lutis.
642 3230 782 3282 Hominem
793 3237 908 3296 acceptu
918 3225 1010 3278 salutis
1018 3227 1060 3277 in·

59 3311 91 3361 1³³⁰
98 3306 203 3373 oepidtnt
210 3331 217 3358 .·
230 3312 314 3374 sicut,
327 3311 436 3360 «Haeret
448 3308 517 3378 pede
562 3322 666 3381 gratum
678 3318 849 3378 representat
858 3308 950 3356 Horat.
963 3324 995 3357 eo
1004 3325 1061 3358 ver-

60 3391 90 3440 l‘l
98 3403 118 3444 '2
130 3403 172 3454 pro
180 3390 246 3458 pedi.
259 3391 307 3440 Est
319 3401 408 3440 autem
420 3387 517 3440 abluti·
562 3390 646 3441 siculo
658 3412 663 3440 ι
677 3412 688 3434 α
698 3389 812 3438 Invitum
822 3388 868 3456 qui
878 3399 977 3451 servat,
989 3387 1057 3438 idem

61 3471 91 3506 ¹¹1⁵
101 3464 238 3528 putativo.
250 3471 322 3521 Sera.
561 3470 628 3520 labit
642 3467 806 3519 occidenti.»
821 3466 908 3520 Cerdo.
921 3495 957 3506 -
966 3469 1060 3538 lupra-

81 3536 127 3607 559·
140 3545 184 3596 Vix
192 3567 304 3618 proram.
318 3543 466 3600 'deridetur
480 3549 517 3598 sio.
563 3559 653 3620 tueque
666 3546 763 3598 salutis.
781 3547 831 3596 Pro
848 3565 935 3598 caussa
949 3545 1058 3599 salutis.-

61 3617 110 3667 euin
122 3623 211 3678 nebus.
232 3628 300 3680 Vide
321 3639 426 3698 etymon
447 3625 519 3697 apud
563 3628 619 3694 vel,
632 3630 749 3698 ingratus
760 3625 793 3677 de
803 3638 913 3696 accepta
925 3625 1023 3690 salute,
1033 3639 1060 3678 et

60 3691 520 3779 ffl›oep.ar,deNavig.Arripioillud,
564 3707 665 3760 nullam
682 3707 795 3778 gratiam
812 3705 913 3757 habens
929 3724 978 3775 pro
993 3705 1059 3772 illis,

62 3785 149 3846 ut(tutti
159 3783 369 3855 rpi'r'pedicatur,
379 3790 443 3858 quia
454 3806 518 3858 prae-
564 3807 622 3859 quae
638 3805 688 3857 pro
706 3785 789 3838 salute
806 3787 862 3854 ejus
878 3787 950 3836 facta
966 3798 1056 3836 erant:

62 3852 123 3908 ‘llil
138 3864 215 3915 Cerdo.
230 3897 265 3906 ·-
276 3868 519 3937 Rumpit-Setinum
543 3883 545 3890 ’
564 3868 664 3936 quippe
677 3866 723 3936 qui
738 3876 873 3918 auctorem
887 3865 1007 3922 nesciret.
1019 3865 1060 3914 Ito

59 3927 133 3994 lutm-
141 3939 230 3996 Debuit
242 3945 310 4011 dici,
327 3969 338 3991 a
349 3963 409 3997 cum
421 3947 520 4016 rumpit
564 3957 591 3998 et
602 3945 647 3996 Gr.
661 3942 786 4011 ἀχείρωτος
797 3942 837 3996 ciii
849 3942 967 4011 corrpiet.
978 3943 1060 3993 Notat

63 4005 155 4072 lamnia
163 4023 246 4080 funem
257 4051 267 4074 ιι
278 4045 285 4077 ε
297 4038 341 4089 ut,
355 4027 447 4078 «Vixe
458 4044 521 4078 con·
566 4037 591 4077 et
602 4023 669 4076 Scal.
683 4025 728 4090 IV,
745 4022 783 4076 16.
801 4021 908 4072 Taulrm.
