2704 4582
339 292 392 355 IN
415 289 651 356 AENEIDOS
675 291 769 354 LIB.
793 293 856 356 XI.

106 417 182 495 440.
197 419 228 478 Si
246 418 317 498 quis
332 413 496 496 objiceret:
511 415 658 489 moriere,
675 437 693 474 0
707 418 825 492 Turne,
843 418 877 476 in
894 415 954 476 hoc
970 414 1120 495 singulari

1060 293 1119 380 169

10 515 11 564 ξ
65 512 262 570 certamine:
283 505 364 570 nihil
380 505 440 566 boc
456 519 514 580 est,
531 505 710 587 respondet:
729 507 861 566 libenter
878 529 926 566 me
942 503 1120 588 provehis,

65 612 98 658 et
114 621 176 680 pro
191 601 304 657 Latino
320 597 467 655 devoveo.
481 596 587 668 Ratio,
600 616 673 654 nam
686 595 738 654 vel
753 598 867 671 vincar,
882 597 928 656 vel
941 598 1079 654 vincam:
1095 596 1120 652 si

65 690 195 762 vincar,
211 691 277 769 ipse
294 687 367 746 volo
380 688 517 746 Deorum
534 687 612 743 iram
630 685 748 758 subire,
766 707 832 745 non
849 687 933 766 vulgi
952 685 1121 759 invidiam,

10 811 11 844 3
67 775 93 832 si
115 777 259 834 Drances
280 775 393 833 lueret:
415 774 440 831 si
459 773 598 845 vincam,
618 771 693 830 nolo
715 785 750 831 ut
768 793 843 834 mete
861 773 968 854 gloriae
988 775 1122 831 Drances

64 865 228 944 particeps
250 865 297 922 sit.
316 863 362 923 De
383 882 474 921 sensu
493 859 587 940 hujus
606 859 667 919 loci
688 861 814 920 consule
834 861 915 920 infra
934 861 1073 922 Servium
1093 870 1122 916 et

10 1021 11 1030 ἵ
67 967 177 1029 notas,
191 975 263 1034 pag.
278 953 352 1028 240,
366 953 427 1010 vol.
442 953 494 1010 lV.

107 1040 181 1117 445.
197 1043 356 1102 Sententia
368 1041 503 1100 duorum
516 1060 662 1101 versuum
678 1039 760 1100 clara
775 1053 827 1100 est.
839 1044 884 1099 Tu
898 1054 972 1100 nota
987 1051 1121 1098 mentem

10 1131 11 1142 ¹
66 1147 186 1212 poetae,
200 1133 258 1212 qui
270 1129 344 1190 hinc
358 1129 483 1189 laudem
496 1129 599 1188 AEneae
612 1131 738 1209 quaerit3
751 1151 824 1188 nam
838 1143 998 1188 strenuum
1011 1127 1120 1185 ducem

67 1217 197 1278 exhibet
217 1220 252 1277 in
271 1218 409 1298 agendo,
430 1238 527 1298 quum
546 1219 649 1276 Latini
670 1218 897 1291 cunctabundi,
918 1231 948 1276 et
966 1213 1122 1276 consulta-

10 1371 11 1378 ,
67 1303 189 1366 buudi:
206 1328 270 1388 quo
283 1309 388 1365 innuit
402 1327 482 1387 saepe
495 1305 628 1366 inbellis
641 1307 787 1365 virtutem
799 1306 940 1387 praeponi
953 1303 1102 1363 consiliis

106 1392 180 1476 447.
200 1393 333 1454 Advolat
350 1395 494 1468 nuntius,
508 1395 562 1474 qui
581 1396 698 1474 regiam
714 1393 866 1468 tumultu,
883 1409 998 1452 terrore
1013 1389 1120 1448 urbem

68 1484 221 1564 complet,
232 1483 335 1542 adesse
345 1483 513 1542 instructos
524 1481 638 1559 hostes,
649 1499 679 1543 et
687 1485 793 1565 copias
806 1504 954 1566 perquam
965 1483 1121 1560 ingentes:

67 1569 127 1631 hoc
140 1574 228 1631 enim
244 1574 363 1648 innuit,
377 1593 474 1653 quum
489 1573 546 1647 ait,
563 1575 626 1632 totis
640 1573 805 1634 descendere
816 1575 936 1652 campis.

106 1657 178 1734 451.
198 1661 345 1763 Sequitur
363 1661 413 1735 id,
432 1660 516 1740 quod
534 1666 704 1722 necessario
720 1663 781 1720 ab
774 1662 949 1742 imparatis,
965 1678 1038 1718 narn
1055 1669 1120 1714 tur·

67 1749 184 1809 bantur
195 1771 310 1808 animi
303 1749 432 1830 vulgus
444 1755 766 1832 concutiturpavore
780 1753 958 1832 arriguntur
970 1768 1035 1806 rrae
1029 1765 1119 1826 ,·pos

69 1852 143 1897 cunt
158 1837 273 1918 trepidi
288 1858 392 1912 arma,
407 1859 472 1897 non
488 1839 590 1898 solum
605 1859 697 1915 voce,
712 1841 765 1900 sed
780 1841 871 1899 etiam
887 1859 996 1908 manu,·
1010 1830 1120 1892 esthic

69 1939 169 2005 gestus
182 1883 408 2006 flagitantium:
422 1926 495 1986 sed
487 1949 520 1985 in
531 1925 588 1987 hac
603 1939 713 1988 tamen
719 1947 822 1987 rerum
836 1925 1019 1986 confusione
1033 1918 1119 1980 adhi-

67 2008 183 2072 bentur
202 2035 220 2072 a
240 2025 332 2094 poeta
352 2034 554 2094 personarum
578 2015 771 2075 discrimina:
792 2037 864 2074 narn
878 2011 1017 2096 juventus
1034 2029 1117 2067 arum

61 2101 178 2182 fiemit,
195 2101 281 2183 quod
297 2103 460 2182 proprium
478 2123 542 2182 eJus
556 2105 670 2162 aetatis
685 2117 804 2184 patres,
819 2116 853 2164 ut
867 2124 920 2182 qui
930 2120 997 2180 Jam
1014 2115 1117 2164 senes,

61 2191 138 2272 flent
152 2194 246 2252 atoesti
264 2204 292 2250 ct
309 2205 455 2251 mussant:
475 2192 549 2272 quid
570 2195 654 2250 enim
677 2193 761 2252 aliud
781 2193 917 2252 facerent
935 2189 1034 2269 inepti
1051 2186 1117 2264 jam

67 2275 170 2336 bello?
183 2278 256 2336 inde
266 2278 315 2352 fit,
330 2290 364 2336 ut
377 2277 415 2336 ab
428 2277 556 2338 dissensu
568 2283 648 2339 uario
659 2279 811 2358 juvenum
824 2292 854 2337 et
865 2297 975 2337 senum
985 2292 1117 2354 magnus

68 2367 187 2428 clamor
199 2366 338 2428 tollatur.

104 2452 175 2530 456.
189 2455 311 2514 Vidisti
321 2476 406 2530 aveo,
423 2477 521 2537 quum
537 2459 717 2516 catervatim
736 2458 768 2514 in
785 2456 856 2515 luco
871 2451 1047 2514 consident:
1063 2459 1117 2505 aut

100 2571 163 2638 443.
173 2573 230 2624 Nec
240 2573 352 2624 Drances
362 2575 462 2644 potius,
475 2574 527 2625 sive
536 2584 573 2625 est
616 2585 652 2626 est
666 2574 719 2626 boec
731 2575 769 2624 ira
783 2574 910 2635 Deorum,
926 2580 999 2634 uter,
1014 2563 1114 2634 inquit,

10 2669 11 2672 ¹
68 2650 120 2701 ltaec
133 2652 171 2701 ira
189 2652 310 2715 deorum,
330 2655 416 2703 Morte
428 2653 500 2704 luat:
520 2654 571 2704 sive

68 2742 102 2782 est
117 2733 198 2783 uirtus
213 2743 238 2782 et
251 2731 351 2802 ploria,
372 2731 455 2802 totht.
473 2731 569 2783 Sensus

69 2811 176 2880 quidem
187 2811 265 2862 datus
274 2812 402 2874 obscure,
413 2809 459 2862 sed
468 2811 569 2876 facilis,

68 2905 93 2941 et
110 2891 205 2961 quide
223 2909 274 2942 usu
289 2908 428 2960 nunquam
445 2890 568 2942 recedat:

68 2987 128 3020 uam
140 2973 180 3024 ita
193 2973 254 3022 irati
267 2971 395 3022 dicimus:
410 2969 502 3034 abeat,
520 2989 570 3021 nec

68 3047 145 3100 bonis
159 3053 226 3102 meis
240 3069 291 3102 nee
306 3047 381 3100 malis
396 3049 475 3100 rebus
489 3052 569 3102 inter·

69 3131 114 3180 sit:
124 3131 187 3181 nolo
196 3133 230 3182 sit
241 3142 286 3181 aut
296 3148 360 3181 meae
369 3131 502 3199 particeps
512 3129 570 3200 glo-

69 3211 125 3275 riae,
139 3211 221 3261 autin
229 3228 269 3260 me
278 3209 405 3260 invidiam
416 3227 447 3260 ex
457 3209 569 3260 infelici-

69 3292 128 3340 tatis
142 3290 332 3340 eommunione
345 3301 520 3340 commoveat.
535 3289 570 3340 Si-

70 3381 112 3417 cut
129 3387 201 3419 nunc
219 3367 252 3419 de
267 3367 372 3418 Drance
389 3367 468 3432 dicit,
490 3367 569 3420 “Sive

70 3459 108 3496 est
116 3447 172 3499 haec
183 3450 224 3498 ira
233 3449 364 3512 Deorum,
377 3462 462 3499 morte
472 3447 529 3499 luat
539 3471 550 3495 s
562 3471 568 3500 ι

70 3525 159 3592 idest,
178 3527 205 3578 Si
217 3529 351 3598 periturus
364 3545 436 3592 sum,
454 3528 517 3578 nolo
530 3531 570 3578 in-

71 3606 165 3658 vidiam
177 3610 323 3675 sustinere,
338 3610 360 3658 si
371 3609 489 3660 Drances
500 3610 569 3660 forte

72 3688 167 3754 pariter
178 3691 317 3739 moriatur.
327 3689 354 3738 Si
361 3707 424 3740 vero
433 3709 475 3740 me
482 3691 566 3741 virtus

73 3777 96 3814 et
102 3765 187 3836 gloria
195 3768 409 3833 comitabuntur,
420 3769 483 3820 nolo
494 3773 568 3842 igna-

73 3861 116 3894 vus
130 3845 263 3896 Felicitatis
275 3845 364 3898 alienae
374 3849 407 3897 sit
418 3851 567 3918 particeps,

74 3924 93 3972 si
101 3923 162 3974 dum
171 3927 236 3976 meis
244 3939 346 3997 pugnat
354 3929 489 3997 auspiciis,
498 3929 567 3980 forte

616 2667 725 2707 eventus
746 2673 777 2705 ex
794 2653 846 2704 hac
864 2670 955 2723 pugna
975 2657 1114 2716 sequetur,

614 2733 657 2786 vel
670 2737 710 2787 ira
720 2736 838 2787 Deorum
851 2735 873 2784 si
887 2735 992 2794 vincar,
1007 2725 1049 2778 vel
1062 2724 1117 2797 glo·

614 2815 655 2864 ria
673 2817 696 2864 si
716 2815 821 2879 vicero,
841 2811 906 2862 mihi
925 2811 1014 2880 potius
1035 2822 1115 2874 quam

614 2893 714 2944 Drauci
730 2892 905 2944 adscribatur.
925 2889 978 2939 Alii
995 2887 1048 2936 sic:
1065 2901 1115 2933 nec

613 2974 731 3024 Drances
741 2972 845 3041 potius,
856 2971 878 3019 si
888 2964 1117 3038 pereundumst,

614 3053 893 3120 iraDeorumpereat,
904 3060 964 3112 aut,
976 3046 1114 3096 sivincen·

615 3133 679 3183 dum
691 3145 730 3184 est
736 3131 869 3204 ,gloriam
883 3135 1072 3195 consequatur
1087 3122 1114 3172 S

650 3211 710 3280 457.
717 3204 1058 3263 PiscosoveumnePadusae
1066 3203 1116 3252 Pa-

614 3291 678 3342 dusa
696 3309 758 3362 pars
777 3304 816 3342 est
834 3287 913 3340 Padi:
933 3306 994 3338 narn
1012 3285 1113 3349 Padus,

615 3370 677 3422 licet
689 3389 757 3421 unus
768 3371 801 3420 sit
809 3367 917 3432 fluvius,
930 3367 1012 3418 habet
1025 3379 1113 3416 tamen

615 3448 713 3502 fluenta
726 3450 853 3520 plurima,
873 3467 887 3498 e
901 3447 997 3518 quibus
1010 3458 1050 3498 est
1062 3447 1115 3495 Pa·

614 3529 691 3594 dusa,
712 3547 770 3600 quae
787 3527 946 3598 quibusdam
967 3527 1034 3577 loeis
1050 3527 1116 3576 facit

614 3609 750 3679 paludem,
761 3627 816 3679 quae
824 3609 904 3679 plena
912 3621 951 3659 est
960 3624 1112 3678 cycnorum.

612 3689 665 3740 Alii
681 3689 782 3740 Padum
799 3687 883 3738 tribus
900 3686 1021 3740 fontibus
1039 3687 1114 3738 nasci

613 3767 718 3835 dicunt,
733 3787 763 3819 ex
772 3767 869 3838 quibus
877 3768 989 3838 sumpsit
997 3766 1113 3817 vocabu-

612 3847 667 3898 lum
682 3848 800 3912 Padusa,
820 3848 865 3917 qui
882 3846 997 3897 diffusus
1014 3845 1041 3895 in
1055 3860 1113 3897 mo·

613 3927 677 3980 dum
695 3929 782 4000 stagni
798 3929 826 3977 in
844 3945 948 3978 aionem
967 3923 1112 3995 digeritur:

75 4019 215 4074 superaret.
231 4005 285 4059 Alii
298 4009 336 4063 sic
349 4008 497 4080 accipiunt:
509 4010 569 4062 Sive
610 4027 674 4062 uam
686 4008 747 4061 ideo
764 4027 833 4078 uper
847 4019 940 4077 stagna
954 4004 1085 4074 loquacia.
1099 4027 1111 4050 a
