2726 4592
271 265 336 344 ,324
447 262 481 324 P.
506 255 738 321 VIRGILII
761 255 997 323 MAROIVIS
1020 258 1139 324 VITA

272 385 362 447 duiui
372 383 530 444 somnium
543 380 592 440 vel
603 377 700 440 verbo
712 381 862 460 attingere
873 381 970 462 piget,
983 382 1037 462 qui
1047 393 1146 442 totam
1157 379 1308 440 AEneidem

271 478 370 538 fetum
389 472 491 534 saeculi
510 472 581 531 XIII
600 490 662 530 esse
678 469 813 530 volebat.
830 469 955 531 Refellit
973 491 1046 531 eum
1059 473 1165 532 Saxius
1180 473 1216 530 in
1237 469 1307 550 disp.
1348 479 1349 548 I

272 567 354 647 Lips.
370 563 458 645 1737,
470 560 587 622 habita.

264 723 267 733 ,
311 654 435 736 Reliqui
448 651 654 712 Grammatici
670 648 764 714 modo
776 647 851 724 hoc,
864 649 960 721 modo
979 649 1058 710 illud
1078 663 1269 732 sequuntur:
1285 657 1310 705 at
1341 670 1349 781 Ι

272 759 387 806 veteres
400 743 579 820 scriptores,
600 739 682 800 Plin.
694 739 765 814 VII,
779 739 832 815 30,
847 753 919 800 sect.
934 741 982 814 31,
1003 765 1017 796 a
1027 743 1066 800 D.
1086 744 1244 822 Augustus
1256 758 1311 797 car·
1337 769 1347 794 .=

271 836 358 894 mina
375 829 499 911 Virgilii
523 829 653 889 cremari
673 841 781 890 contra
804 829 982 888 testamenti
1008 828 1073 910 ejus
1095 825 1309 889 verecundiam

271 921 385 994 vetuit;
399 915 560 998 majusque
573 917 616 974 ita
630 917 693 974 vati
711 917 923 976 testimonium
936 917 1083 998 contigit,
1100 937 1198 998 quam
1213 915 1238 974 si
1254 915 1311 994 ipse

261 1005 325 1070 ¹sua
339 1005 505 1089 probasset.
520 1029 533 1060 a
548 1000 628 1062 Gell.
642 1002 738 1062 XVII.
753 1024 818 1064 ro...
833 1003 910 1062 «sed
923 1025 992 1084 quae
1005 1004 1233 1085 procrastinata
1245 1009 1313 1060 sunt

161 1159 167 1168 ,
271 1099 310 1158 ab
337 1116 389 1170 eo,
415 1107 451 1155 ut
470 1105 540 1176 post
564 1104 810 1168 recenserentur,
836 1105 866 1164 et
891 1093 1032 1168 absolvi,
1055 1093 1209 1174 quoniam
1234 1108 1313 1148 mors

269 1195 483 1272 praeverterat,
505 1183 729 1263 nequiverunt,
751 1201 949 1263 nequaquam
970 1193 1134 1264 poetarum
1156 1178 1313 1261 elegantis·
1348 1251 1349 1262 7

261 1263 340 1339 'simi
353 1276 482 1336 nomine
494 1285 586 1354 atque
592 1270 712 1354 judicio
728 1273 824 1354 digna
838 1285 911 1332 sunt
923 1295 930 1330 ε
944 1275 1062 1355 itaque,
1077 1292 1191 1354 quum,
1204 1269 1312 1330 morbo
1348 1289 1349 1366 7

270 1384 452 1449 oppressae,
463 1361 629 1422 adventare
641 1372 774 1422 mortem
786 1361 918 1438 videret,
930 1363 1040 1443 petivit
1052 1363 1217 1442 oravitque
1228 1381 1246 1418 a
1255 1358 1313 1417 suis

270 1455 464 1518 amicissimis
478 1455 634 1534 impense,
652 1463 688 1512 ut
698 1450 840 1528 AEneida,
859 1473 956 1534 quam
968 1451 1112 1513 nondum
1124 1451 1198 1511 satis
1211 1447 1315 1508 elima-

268 1545 379 1618 visset‚
394 1538 564 1602 abolerent.
577 1565 591 1596 n
609 1539 750 1599 Macrob.
770 1541 831 1600 Sat.
847 1540 878 1614 l,
900 1536 954 1614 24,
979 1540 1058 1622 aqui
1078 1539 1163 1598 enim
1178 1536 1315 1596 moriens

267 1651 381 1714 poema
389 1651 480 1690 suum
490 1629 603 1710 legavit
613 1629 694 1708 igni,
706 1627 854 1710 quidnisi
868 1627 958 1688 famae
970 1647 1033 1688 suae
1044 1627 1174 1688 vulnera
1189 1624 1316 1706 posteri-

269 1722 324 1778 tati
342 1715 551 1778 subtrahenda
565 1716 702 1777 curavit?
720 1737 776 1777 nec
794 1713 960 1778 immerito.
973 1743 987 1773 a
1003 1714 1104 1776 Multa
1115 1716 1150 1774 in
1166 1735 1237 1774 eam
1252 1733 1316 1770 rem
1348 1735 1349 1776 I

268 1806 430 1864 variorum
439 1805 673 1884 Epigrammata
683 1801 745 1862 vid.
758 1805 792 1862 in
801 1804 962 1864 Catalectis
973 1803 1117 1884 Scaligeri
1128 1815 1159 1862 et
1169 1801 1318 1860 Burman-

268 1891 511 1972 niAnthologia.
526 1891 611 1952 Adde
620 1893 735 1952 Donat.
748 1895 772 1972 §.
785 1895 832 1976 57.
846 1893 894 1954 58.
906 1897 961 1954 Est
971 1895 1065 1953 etiam
1078 1891 1251 1973 disputatio
1261 1886 1317 1947 hac
1348 1919 1349 1940 1

268 1979 307 2041 de
321 2001 354 2041 re
365 1979 503 2040 hominis
515 1979 584 2040 Itali
606 1982 750 2062 (Spemne
760 1983 884 2063 Speroni
899 1983 990 2064 Opere
998 1984 1087 2040 Tom.
1101 1981 1159 2056 IV)
1172 1975 1317 2050 verbosa,
1348 2045 1349 2048 Ἴ

268 2081 298 2130 et
312 2071 400 2130 vanis
415 2069 543 2152 argutiis
562 2070 772 2152 inanibusque
791 2070 1024 2152 quaestiunculis
1041 2071 1154 2152 plena,
1176 2082 1213 2126 ut
1227 2065 1317 2126 lectio
1348 2055 1349 2100 l

267 2160 318 2218 vix
333 2158 460 2218 tolerari
481 2161 593 2240 possit,
614 2163 681 2219 no'n
701 2164 801 2242 magis
817 2183 910 2242 quarn
924 2156 1120 2242 reliquorum
1140 2156 1208 2238 ejus
1226 2176 1318 2236 super

250 2283 252 2291 .
268 2247 402 2327 Virgilio
410 2247 628 2328 Dialogorum.
640 2249 751 2308 Gravis
762 2251 835 2309 satis
845 2262 890 2310 est
899 2249 948 2308 vel
960 2271 1021 2308 una
1030 2247 1124 2307 Plinii
1137 2245 1318 2316 auctoritaS,

268 2357 330 2416 qua
348 2348 470 2397 constet
487 2338 656 2420 Virgilium
671 2340 854 2420 poenituisse
870 2339 1005 2399 AEneidis
1024 2351 1185 2418 tamquam
1202 2337 1318 2416 imper·
1348 2353 1349 2366 ¹

267 2421 339 2482 fecti
354 2423 465 2504 operis.
478 2424 591 2484 Maluit
603 2437 708 2485 tamen
720 2428 768 2485 vir
783 2426 894 2486 doctus
909 2431 943 2487 L.
959 2425 1215 2498 annotarem,
1233 2421 1318 2482 Prof.

266 2509 366 2573 Math.
382 2525 414 2569 et
427 2513 516 2570 Poes.
537 2515 674 2594 Coburg.
695 2515 729 2572 in
746 2514 866 2574 Prolus.
882 2538 909 2574 a.
927 2512 1003 2596 1774
1014 2514 1144 2593 scripta,
1163 2532 1221 2570 nec
1241 2523 1319 2570 teste

266 2617 324 2656 nec
338 2612 537 2677 argumento,
558 2600 611 2658 sed
626 2621 711 2660 mera
723 2603 901 2682 suspicione
916 2600 1117 2674 contendere,
1132 2600 1319 2680 poenitentia
1348 2655 1349 2658 ,

265 2685 396 2746 laudum
409 2691 443 2748 in
456 2692 630 2770 Augustum
642 2693 888 2766 cumulatorum,
900 2706 930 2752 et
943 2692 1160 2765 inductorum,
1171 2690 1318 2750 adversus
1348 2659 1349 2718 l

263 2773 492 2855 Epicureorum
500 2775 695 2860 disciplinam
706 2823 714 2854 ,
725 2779 856 2839 deorum
865 2823 873 2854 ,
882 2801 918 2840 eo
929 2780 1098 2840 adductum
1106 2799 1171 2839 esse
1181 2792 1318 2860 poetam,

266 2879 303 2926 ut
314 2877 499 2926 testamento
515 2889 572 2928 suo
588 2889 714 2928 carmen
727 2869 880 2928 abolitum
893 2891 956 2930 esse
971 2869 1072 2928 vellet.

306 2957 452 3017 Ceterum
461 2958 594 3039 Virgilio
612 2979 685 3018 mox
706 2961 878 3020 «comitem
896 2959 935 3019 ad
952 2959 1072 3040 ElysIos
1087 2979 1219 3040 campos
1234 2977 1318 3017 mors

265 3045 353 3104 misit
363 3043 525 3126 Tibullum
534 3043 692 3125 juvenem.
704 3071 717 3101 a
733 3046 804 3106 Vid.
817 3049 951 3107 Domitii
959 3049 1054 3106 Marsi
1064 3047 1269 3127 Epigramma
1278 3045 1316 3103 ad

266 3131 381 3190 calcem
401 3132 528 3192 Tibulli.
550 3134 684 3194 Ovidius
710 3146 779 3194 tum
803 3157 923 3196 annum
947 3138 1032 3197 XXV
1057 3136 1184 3215 agebat,
1212 3135 1316 3216 itaque

265 3219 432 3298 Virgilium
447 3235 560 3282 tantum
572 3243 601 3282 se
613 3223 715 3283 vidisse
724 3237 855 3285 testatur
865 3227 955 3285 Trist.
971 3226 1023 3298 IV,
1043 3245 1092 3299 ro,
1106 3224 1154 3282 51.
1167 3224 1316 3283 Horatius
1348 3239 1349 3326 7

266 3315 384 3366 annum
395 3310 549 3390 ingressus
559 3315 760 3389 eratXLVII3
775 3312 930 3396 Augustus
944 3316 1035 3396 XLV.

303 3396 462 3456 AEneidem
478 3421 549 3458 cum
561 3403 634 3461 vivo
646 3403 779 3482 Virgilio
792 3403 899 3464 multis
913 3403 1080 3462 hominum
1094 3400 1257 3462 desideriis
1271 3421 1317 3460 ex-

264 3496 446 3562 spectatam,
461 3501 491 3546 et
505 3489 544 3547 ab
558 3492 697 3572 Augusto
710 3491 820 3552 litteris
838 3493 1009 3574 flagitatam
1023 3489 1103 3570 (vid.
1119 3491 1235 3548 Donat.
1248 3490 1315 3547 Vita

265 3571 350 3652 Virg.
360 3574 389 3652 ἕ.
403 3571 458 3650 46,
470 3591 501 3636 et
515 3579 559 3637 ibi
574 3581 647 3641 Not.
658 3593 687 3641 et
699 3582 841 3642 Macrob.
856 3583 885 3658 I,
901 3581 971 3660 24),
985 3594 1051 3640 tum
1066 3600 1102 3638 eo
1113 3591 1242 3639 mortuo
1255 3599 1314 3636 ma·

264 3680 327 3740 gno
349 3659 455 3732 favore
469 3677 499 3723 et
518 3669 742 3746 praedicatione
761 3684 919 3750 acceptam
939 3671 1049 3742 luisse,
1071 3688 1108 3725 ex
1127 3670 1230 3748 poetis
1251 3666 1313 3746 ejus

262 3751 411 3830 temporis
424 3753 561 3834 colligas.
574 3749 706 3816 Ovidius
715 3759 801 3817 Rem.
817 3759 891 3837 395,
907 3759 981 3838 396,
996 3759 1160 3835 «Tantum
1177 3778 1210 3816 se
1222 3756 1312 3816 nobis

262 3835 1311 3927 Elegideberefatentur,QuantumVirgilionobiledebetepos(1).a
1348 3821 1349 3894 l

298 3956 386 4032 (utra
395 3961 504 4031 Ῑθῧῑῑΰῐὶ
516 3982 577 4030 nam
589 3985 652 4036 opus
662 3982 731 4022 esset
741 3987 848 4022 carmen
859 3971 980 4040 epicum,
991 3987 1045 4020 non
1055 3968 1147 4038 poesis
1158 3971 1245 4040 opica.
