2720 4588
221 246 284 312 250
341 262 342 270 ’
550 247 933 316 GOMMENTARIA

218 390 334 432 nomeu
354 385 384 432 et
398 394 570 434 sermonem
585 374 676 447 victi,
697 386 732 432 ut
750 375 844 432 etiam
863 375 997 436 victores
1014 377 1075 458 ipsi
1090 391 1261 460 utrumque

223 465 372 522 mutaturi
387 465 458 524 sint.

259 553 327 612 838.
340 553 480 626 Dixerat,
496 551 654 612 miscenda
672 571 806 632 corpora
821 575 828 610 :
842 551 908 633 jam
920 552 1065 616 divinans
1080 559 1137 632 ait,
1149 558 1191 618 ab
1204 555 1264 617 hac

220 642 368 701 mistione
378 643 516 702 futurum
528 663 641 724 genus,
654 641 737 723 quod
750 641 1004 704 vincathomines
1017 645 1167 728 reliquos,
1177 645 1263 728 quod

220 728 322 789 adbuc
335 733 418 792 Deos
434 736 517 814 ipsos
529 734 647 813 pietate
661 745 803 814 superet:
819 747 855 791 ut
872 753 947 792 vero
960 732 1153 796 demereatur
1165 739 1263 796 Juno·
1284 773 1288 785 s

220 839 308 895 nem,
324 820 445 902 adjicit,
460 823 499 882 ab
515 820 572 882 hac
586 834 678 903 gente
693 843 761 882 eam
775 822 915 904 impense
928 822 1104 891 colendam.

260 913 327 990 841.
342 920 459 980 Annuit
470 923 553 980 Juno
574 917 738 994 omnibus,
754 931 784 979 et
802 933 938 980 mentem
958 925 1112 982 retorsita
1127 921 1263 984 favendo

219 1005 356 1083 Rutulis,
370 1007 441 1069 laets
455 1009 494 1070 de
507 1009 628 1070 honore
638 1029 709 1084 suo;
723 1010 1006 1090 excessitqueinde,
1018 1010 1170 1093 nibiljam
1183 1011 1265 1071 bella

221 1115 349 1171 curans,
363 1103 419 1160 nec
438 1121 471 1160 se
488 1099 633 1182 praebens
655 1101 877 1181 spectatricem.
897 1103 987 1172 Ecce,
1008 1121 1070 1181 quo
1090 1101 1267 1161 reciderunt

220 1177 381 1248 immensae
397 1190 532 1249 iunonis
550 1191 617 1249 iroe!
640 1193 748 1270 sopitae
763 1209 870 1248 omnes
889 1202 962 1247 sunt
980 1209 1043 1248 una
1055 1191 1141 1249 lovis
1156 1189 1265 1250 volun·

219 1283 282 1331 tete
295 1275 419 1336 :innuit
433 1293 513 1338 certe
525 1291 633 1359 poeta,
646 1276 727 1336 nihil
740 1297 832 1358 supra
845 1277 944 1336 Deum
958 1295 1031 1336 esse.

260 1367 327 1443 84¹3.
341 1373 493 1454 Magnum
506 1375 597 1436 decus
612 1375 645 1434 in
658 1375 805 1434 omnibus
820 1396 826 1432 :
841 1373 912 1433 vide
925 1394 987 1453 qno
999 1371 1167 1432 verborum
1179 1371 1265 1432 leno·

218 1455 302 1516 cinio
315 1461 474 1524 Junonem
492 1466 636 1525 averterit
654 1486 671 1523 a
693 1462 829 1523 faventia
845 1464 958 1537 Turni3
983 1463 1102 1544 quippe
1122 1481 1265 1520 uxorem.

219 1545 255 1604 In
271 1548 454 1630 depellenda
467 1558 485 1613 J
489 1569 603 1615 uturne
615 1575 662 1614 res
683 1553 778 1633 longe
795 1552 872 1627 alia,
893 1554 1009 1635 quippe
1024 1551 1158 1613 terrestri
1176 1551 1265 1610 Dea:

219 1635 292 1695 inde
305 1637 343 1698 de
359 1641 411 1701 illa
426 1643 579 1719 dimittere,
596 1656 629 1704 ut
641 1664 735 1723 quam
746 1642 861 1702 habeat
871 1643 1075 1723 contemptui.

261 1723 327 1799 845.
342 1729 440 1805 Dicit,
451 1732 527 1792 duas
540 1753 602 1792 esse
615 1735 730 1804 Pestes,
743 1733 981 1810 cognominatas
992 1731 1098 1802 Diras,
1109 1747 1187 1809 quas
1199 1749 1264 1787 uno

220 1826 309 1890 partu
324 1816 409 1891 (ideo
424 1823 554 1898 peminus
568 1820 674 1896 vocat)
685 1839 747 1877 una
763 1831 793 1876 et
805 1817 971 1898 Megaersm
985 1819 1051 1877 Nox
1064 1815 1181 1890 edidit:
1199 1815 1265 1877 des·

220 1901 311 1959 cribit
328 1905 436 1984 ntique
453 1901 513 1965 tre's
529 1908 651 1980 Furias,
667 1925 735 1986 quae
756 1905 848 1964 dicte
865 1903 1187 1986 Alecto,Tisipboue,
1203 1907 1267 1965 Me·

221 2005 299 2062 gaera
314 2007 320 2044 :
337 1986 392 2048 has
407 2005 498 2072 poeta
512 1995 595 2052 canit
607 1995 760 2052 incinctos
775 1994 986 2073 serpentibus,
1000 2007 1031 2052 et
1048 1991 1104 2052 alis
1120 2007 1264 2052 ornatas:

220 2069 280 2130 illis
293 2073 331 2131 ad
345 2079 455 2137 noxios
470 2079 682 2154 mulctandos3
695 2081 760 2139 istis
774 2078 814 2138 ad
826 2079 965 2140 celeriter
974 2081 1169 2162 exsequenda
1180 2080 1267 2139 Jovis
1353 2123 1354 2126 η

223 2159 381 2221 mandute.

261 2253 328 2334 849,
346 2259 499 2321 Describit
512 2262 624 2322 harum
636 2283 768 2323 munus:
781 2263 947 2323 suntenim
959 2264 1152 2344 apparitores
1162 2263 1266 2337 Jovis,
1353 2249 1354 2256 ἵ

220 2363 317 2422 quum
334 2345 385 2406 ille
401 2371 498 2412 suevus
518 2369 627 2415 contra
646 2351 791 2412 mortales
806 2365 866 2426 est;
881 2351 1068 2432 adstantque
1080 2350 1117 2410 ed
1131 2349 1216 2410 illius
1230 2350 1269 2408 li-

220 2436 324 2510 nrina,
339 2452 549 2524 terroremque
565 2445 704 2505 afferunt
718 2443 919 2516 mortalibus,
932 2441 1053 2522 quoties
1069 2439 1122 2498 ille
1139 2439 1269 2498 molitur

219 2519 355 2600 lethum,
368 2530 507 2606 morbos,
517 2533 646 2593 bellum.
657 2531 767 2604 Vides,
780 2545 815 2589 ut
827 2529 964 2589 breviter
972 2541 1064 2610 poeta
1073 2528 1270 2610 descripserit

219 2621 279 2668 tres
292 2613 428 2675 Furiasa
445 2620 620 2693 natalibus3
636 2641 709 2679 nam
726 2617 800 2677 filiae
817 2619 939 2676 Noctis:
954 2617 993 2674 ab
1009 2629 1178 2694 apparatu3
1193 2633 1268 2673 nam

219 2718 293 2758 cum
303 2707 497 2784 serpentibus
510 2723 541 2768 et
554 2709 629 2768 alis?
638 2709 676 2770 eb
685 2705 810 2777 offici03
823 2727 895 2766 nem
909 2718 1059 2784 apparent
1070 2703 1268 2767 antesolium

218 2789 319 2868 lovis,
333 2793 414 2854 etad
428 2795 493 2877 ejus
508 2798 604 2860 limen
619 2822 625 2858 :
648 2811 679 2857 et
691 2797 730 2856 ab
743 2794 883 2854 affectis?
894 2814 968 2852 nam
980 2791 1118 2852 afferunt
1131 2791 1269 2868 lethum,

221 2880 366 2955 morbos,
379 2881 510 2946 bellum.

260 2970 327 3031 853.
344 2975 465 3036 Harum
485 2999 581 3038 unam
594 2979 673 3057 (non
690 2971 840 3054 explicat,
860 2992 929 3052 quae
944 2993 980 3031 ea
998 2969 1108 3048 fuerit)
1125 2969 1272 3033 celeriter

161 3076 163 3087 “
221 3057 260 3115 ab
269 3062 345 3122 caclo
357 3069 466 3146 mittit,
477 3089 547 3150 quae
559 3070 576 3125 J
581 3081 701 3126 uturum
710 3065 830 3142 (contra
839 3085 933 3146 quam
943 3062 991 3123 hae
1000 3061 1167 3142 machinas)
1175 3083 1269 3125 omen

220 3148 286 3210 visa
300 3151 435 3214 afferret.

261 3248 330 3308 855.
347 3253 396 3310 En
410 3254 474 3332 jam
493 3275 548 3314 cur
561 3251 682 3312 dederit
693 3251 757 3312 uias
771 3267 910 3314 ventosus.
924 3252 1018 3312 Furia
1037 3251 1158 3332 quippe
1171 3249 1269 3325 volut,

188 3355 194 3362 ·
223 3353 317 3415 quam
341 3336 459 3401 diceres
479 3339 582 3402 delabi
602 3341 640 3400 ad
661 3353 776 3402 terram
794 3343 891 3402 instar
907 3341 1044 3400 turbinis
1062 3337 1215 3398 celerrimi
1241 3349 1271 3397 et

220 3423 395 3504 procellosi,
406 3431 480 3506 quia
487 3429 708 3510 semperlluria
716 3449 789 3489 cum
799 3423 1139 3491 nocumentoridbibet
1146 3447 1269 3507 compa·

221 3515 384 3590 rationem,
394 3531 427 3576 ut
435 3519 568 3599 explicet
580 3520 929 3596 tumceleritatem,tum
939 3531 1179 3577 nocumentum:
1189 3513 1268 3575 solet

222 3605 335 3683 sagitta
349 3607 467 3689 impelli
483 3631 499 3668 a
512 3608 650 3688 Parthis,
665 3625 719 3672 aut
732 3607 914 3693 Cydonibus
927 3609 972 3666 ita
985 3606 1140 3682 celeriter,
1155 3620 1191 3666 ut
1201 3625 1269 3666 um·

224 3691 294 3749 bras
308 3695 462 3756 transiliat
473 3698 647 3780 incognita3
663 3721 761 3782 esque
773 3721 843 3758 cum
858 3695 928 3756 felle
940 3710 1094 3755 venenato
1107 3709 1202 3776 atque
1213 3696 1268 3752 im·

225 3778 413 3843 medicabili.
422 3786 530 3846 Talem
542 3801 617 3869 puts
625 3790 768 3864 Furiam,
781 3808 849 3869 quae
857 3807 874 3846 e
882 3783 959 3846 caelo
969 3784 1097 3866 delapsa
1109 3785 1141 3845 in
1154 3797 1268 3844 terram

224 3879 365 3944 est,tum
389 3893 462 3933 cum
483 3876 541 3936 alis
560 3881 712 3953 ventosis,
732 3891 800 3938 tum
820 3897 892 3938 cum
910 3876 1069 3940 ,venenatis
1089 3885 1267 3954 serpentum

229 3958 333 4038 spiris,
344 3975 374 4021 et
387 3969 503 4027 uenenis
515 3969 685 4049 Gorponeis.
