2706 4596
165 415 172 432 ·
239 351 301 428 lssl
587 337 662 402 ‚DE
684 333 916 402 VlR'GILlI

592 499 594 506 ν
682 489 822 510 -ἆ-ι-ι-

275 584 481 666 Subjiciemus
493 571 661 636 nonnullas
673 572 742 634 edd.
762 571 853 654 hujus
867 571 969 633 saeculi
983 576 1049 633 sine
1061 565 1214 658 temporis
1227 587 1280 638 aut

239 679 300 738 loci
318 673 479 735 notatione
495 683 635 724 excuses:
655 661 693 721 de
712 661 825 744 quibus
844 676 947 723 tamen
966 681 1031 722 non
1050 665 1117 723 sine
1133 669 1279 726 cautione

238 763 442 850 pronuntiare
456 757 542 826 licct3
556 749 810 834 quandoquidem
824 751 1005 834 plerumque
1017 766 1149 814 extrema
1167 751 1280 836 pagina

239 870 269 917 et
281 852 434 914 indicibus
447 845 593 905 destituta
607 841 793 922 exemplaria
807 842 838 899 in
853 839 935 903 hune
950 861 1077 902 censum
1093 846 1234 904 veniunt.

278 945 312 1002 P.
328 941 365 1001 V.
381 939 426 997 M.
443 935 537 1014 Opera
539 968 1053 989 ···························
1063 929 1119 990 fol.
1135 952 1159 990 s.
1173 930 1193 990 l.
1208 943 1238 991 et
1252 953 1278 991 a.

244 1083 247 1088 .
279 1034 450 1092 Memorsta
467 1034 498 1080 et
517 1019 668 1099 descripta
687 1017 854 1077 secundum
874 1031 1030 1078 externam
1051 1019 1188 1080 formam
1211 1043 1229 1080 a
1247 1021 1281 1080 de

238 1127 315 1182 Bure
327 1119 359 1176 in
373 1109 528 1189 Catalopue
540 1105 587 1164 des
598 1107 693 1164 Livres
703 1103 743 1164 du
756 1107 822 1165 Duc
836 1103 870 1164 de
885 1103 915 1164 la
929 1104 1069 1182 Valliere‚
1091 1109 1124 1166 Ρ.
1137 1110 1166 1182 l,
1186 1110 1221 1167 Τ.
1237 1109 1281 1184 ll,

238 1231 270 1290 p.
292 1207 352 1278 δυ,
369 1197 532 1283 proposito
550 1213 675 1274 quoque
693 1191 854 1252 literarum
871 1193 1054 1274 specimine,
1074 1213 1141 1275 quae
1162 1217 1282 1275 neogo·

237 1295 328 1356 thicae
350 1303 381 1350 et
400 1282 540 1348 barbarae
566 1293 651 1340 suut..
666 1281 771 1338 Veniit
788 1277 876 1340 libris
899 1281 970 1360 gall.
991 1283 1063 1364 756,
1086 1303 1122 1361 19
1138 1303 1164 1343 s.
1189 1295 1283 1343 otest

237 1405 321 1446 nunc
334 1401 383 1461 ap.
396 1377 483 1436 Com.
495 1371 533 1430 de
545 1371 686 1450 Spencer.
698 1368 741 1428 sd
757 1390 874 1433 annum
890 1367 959 1451 1471
973 1391 1040 1430 eam
1051 1370 1144 1430 refert
1154 1371 1191 1430 de
1203 1377 1283 1432 Beue

238 1477 312 1534 Esse
323 1464 462 1529 eamdem
477 1479 723 1539 excusamyopera
737 1461 862 1518 Joannis
875 1458 1036 1533 Schiissler,
1050 1463 1195 1540 Augustae
1207 1463 1282 1520 Vin·

239 1564 425 1632 delicorum,
444 1554 524 1610 intra
542 1571 570 1610 a.
594 1546 668 1626 ι47ο
687 1560 717 1606 et
738 1549 810 1630 1472
832 1549 923 1626 (nam
941 1549 1021 1608 intra
1037 1547 1097 1608 hos
1114 1571 1217 1610 annos
1230 1551 1283 1610 ille
1322 1536 1325 1548 ¹

239 1649 399 1713 officinam
424 1639 576 1710 exercuit3
600 1633 663 1694 vid.
688 1633 781 1716 Zapfl'
802 1637 966 1717 Auqspurp.
991 1635 1284 1699 Buchdrnclter·Ges·

239 1737 366 1810 obmitto,
377 1735 412 1792 T.
427 1731 455 1804 l,
468 1751 499 1810 p.
513 1727 573 1806 XI)
588 1724 822 1807 deprehendisse
833 1747 932 1806 nuper
942 1725 999 1785 sibi
1012 1727 1094 1786 visus
1104 1742 1186 1801 erat,
1200 1749 1284 1788 com-

238 1838 347 1912 parato
361 1819 505 1880 Terentio
520 1816 585 1874 sine
600 1835 627 1872 a.
644 1825 675 1872 et
693 1811 713 1870 l.
726 1813 819 1872 Dom.
839 1813 1018 1894 Manperard
1034 1813 1179 1891 (Journal
1196 1836 1284 1895 ency-

238 1912 313 1994 clop.
335 1907 423 1990 1787,
441 1898 609 1972 Decembre,
628 1920 659 1980 p.
677 1898 762 1980 327).
781 1900 915 1960 Terentii
927 1901 1082 1982 exemplar
1096 1915 1240 1960 servatur
1253 1903 1285 1960 in

133 1998 139 2009 '
239 1995 430 2064 bibliotheca
449 2003 556 2051 nostra
574 1986 765 2048 Academica.
784 1987 857 2046 Mox
876 2002 980 2048 tamen
997 1987 1075 2048 alius
1091 1989 1140 2046 vir
1160 1988 1285 2066 doctus,

240 2098 418 2169 comparata
445 2081 584 2140 versione
604 2076 700 2136 latina
726 2075 929 2137 homiliarum
950 2080 998 2139 Jo.
1020 2075 1236 2159 Chrysostomi
1257 2091 1287 2138 et

239 2175 312 2236 libri
325 2174 366 2233 lV
379 2168 541 2250 Augustini
558 2163 597 2224 de
615 2161 757 2224 doctrina
773 2163 964 2242 Christiana,
984 2166 1100 2226 librum
1113 2165 1286 2226 vindicavit

240 2263 327 2350 prelo
339 2256 473 2322 Mentelii
487 2255 751 2337 Argentoratensis
763 2254 856 2333 (ibid.
871 2276 898 2314 a.
917 2255 1003 2337 1788,
1017 2257 1088 2336 Apr.
1103 2277 1135 2336 p.
1150 2253 1205 2316 155
1220 2258 1285 2338 sq.)

240 2369 333 2436 atque
347 2353 380 2410 in
394 2347 455 2409 hoc
468 2346 553 2406 nuuc
565 2345 767 2426 acquiescunt
780 2345 870 2404 Denis
881 2343 1036 2428 Supplem.
1050 2365 1083 2424 p.
1095 2346 1155 2424 699
1166 2359 1196 2404 et
1210 2331 1286 2404 Pan·

240 2467 299 2506 zer.
319 2439 430 2502 Annal.
446 2431 633 2518 typograph.
652 2435 687 2492 T.
705 2435 734 2508 l,
753 2455 784 2514 p.
797 2434 853 2515 73,
871 2429 925 2514 74,
945 2432 1014 2516 407.
1035 2436 1181 2493 Ceterum
1195 2447 1284 2495 tanto

238 2533 390 2596 libentius
403 2527 464 2587 h'oo
476 2525 578 2605 accepi
592 2521 630 2581 ad
643 2520 800 2604 liquidum
813 2521 1014 2604 perductum,
1028 2544 1127 2603 quum
1140 2537 1234 2584 antea
1248 2524 1285 2584 de

239 2641 304 2680 una
318 2629 441 2676 tantum
453 2599 487 2705 in
504 2611 672 2670 Germania
684 2607 745 2668 hoc
759 2609 870 2668 saeculo
887 2631 994 2670 excusa
1008 2608 1145 2669 editione
1159 2611 1287 2693 Virgilii

240 2697 1284 2779 constaret,Kob'ergerianascilicet3nuncestillaArgentinaaltera.
1351 2709 1352 2780 ᾗ

239 2793 387 2858 Successit
400 2789 491 2848 tertio
504 2783 575 2845 loco
591 2785 760 2865 Argentina
778 2785 861 2846 1502.

277 2885 315 2944 ln
324 2877 514 2942 Bibliotheca
524 2871 696 2934 Smithiana
706 2895 738 2954 p.
749 2875 787 2947 D,
798 2873 902 2932 Editio
912 2875 943 2934 V
941 2871 1144 2956 irpilianorum
1157 2875 1286 2954 Openun

239 2983 444 3042 memoratur,
457 2961 591 3046 Enispe,
606 2965 747 3043 Georpica
759 2975 787 3022 et
796 2965 909 3035 AEneis,
922 2961 978 3022 fol.
992 2983 1014 3021 s.
1026 2961 1048 3021 l.
1062 2981 1089 3020 a.
1100 2974 1287 3044 ettypogra-

237 3061 292 3146 phi
309 3058 452 3127 nomine3
467 3073 528 3111 esse
541 3065 646 3108 tamen
656 3047 873 3131 perpulchram
883 3061 913 3107 et
924 3047 1105 3108 characteris
1122 3047 1286 3110 literarum

240 3149 277 3210 ad
291 3143 544 3206 Vindelinianam
557 3135 736 3196 accedentis.
1351 3155 1352 3206 .

279 3239 314 3296 P.
326 3239 363 3297 V.
374 3233 420 3292 Μ.
431 3249 498 3290 cum
507 3239 659 3287 comment.
670 3227 762 3286 Seruii
768 3273 776 3299 ,
787 3229 898 3286 Donati
908 3239 937 3288 et
946 3224 1080 3287 bandini.
1091 3224 1137 3284 Ad
1148 3225 1285 3287 calcem:
1351 3213 1352 3299 l

239 3331 414 3406 impressum
429 3321 459 3381 V
457 3320 555 3377 enetiis
568 3337 619 3399 per
628 3314 732 3398 Liqam
745 3318 899 3389 Bonnam,
912 3319 943 3376 X
955 3313 1026 3375 Kal.
1040 3318 1111 3375 Jun.
1148 3314 1207 3374 fol.
1220 3337 1244 3376 s.
1259 3337 1286 3375 a.

280 3414 313 3470 B.
328 3410 365 3468 G.
386 3417 578 3465 memoratur
597 3401 636 3463 ab
657 3402 788 3462 Orland.
807 3403 862 3476 62,
880 3401 951 3478 428.
971 3403 1070 3461 Maitt.
1089 3403 1125 3460 T.
1139 3401 1170 3476 1,
1192 3405 1228 3462 P.
1243 3403 1285 3479 ll,

240 3523 272 3582 p.
289 3498 356 3580 748.
375 3495 444 3553 lnd.
464 3495 542 3574 App.
561 3513 631 3574 pag.
645 3492 718 3566 560,
737 3507 767 3552 et
783 3493 816 3551 in
831 3491 929 3550 Catal.
948 3488 1094 3550 Biblioth.
1109 3491 1287 3552 Barberinae

240 3609 271 3666 p.
287 3586 353 3662 529.
368 3583 495 3639 Panzer.
509 3580 577 3640 Vol.
589 3579 646 3655 ΙΙΙ,
659 3602 688 3660 p.
701 3577 776 3658 498,
791 3577 877 3638 2813.
891 3579 1141 3660 Descriptionem
1154 3577 1222 3660 ejus
1237 3579 1288 3639 de·

240 3675 285 3732 dit
294 3673 343 3730 vir
357 3669 478 3728 doctiss.
492 3671 570 3728 Sam.
586 3671 670 3728 Beni.
685 3668 823 3744 Reichel‚
841 3669 1040 3728 Prodirector
1054 3667 1222 3748 Gymnasii
1236 3667 1287 3728 nl-

239 3759 452 3837 tenburgensis
462 3759 493 3815 in
506 3759 610 3838 Progr.
625 3755 710 3838 1774.
720 3759 825 3818 Exstat
835 3779 960 3838 quoque
971 3777 1055 3816 nunc
1065 3755 1177 3816 eadem
1188 3757 1284 3816 editio

240 3856 274 3910 in
285 3845 434 3910 Biblioth.
454 3846 545 3906 acad.
563 3848 702 3927 Gotting.
716 3869 778 3930 quo
792 3861 881 3908 tanto
896 3849 1006 3908 certius
1021 3843 1099 3905 mihi
1113 3867 1203 3906 nunc
1214 3867 1286 3906 con·
1350 3849 1351 3944 l

238 3952 312 4011 stat,
323 3957 387 3996 esse
402 3956 469 3994 eam
483 3939 715 4015 repetitionem,
730 3958 797 3996 non
812 3951 875 3996 tam
890 3940 1028 4010 Venetae,
1044 3955 1140 4014 quam
1155 3935 1286 3994 Floren·
1350 3945 1351 3966 ¹

237 4030 311 4088 tinae
324 4021 397 4097 1483
407 4021 456 4082 sel
469 4019 557 4099 1485,
567 4021 693 4103 adjectis
703 4045 829 4111 quoque
839 4024 912 4088 inde
921 4023 1098 4089 carminibis
1106 4022 1282 4086 minoribns.
