2654 4590
308 319 359 386 ns
383 313 622 384 necinus
645 313 739 378 mr.
764 307 825 377 rx.
1046 317 1084 386 25
1134 273 1148 296 ⁶

47 444 107 510 lete.
121 448 386 510 Consentaneum
399 452 443 502 est
456 440 594 500 Deorum
608 437 782 510 voluntati,
798 449 834 495 ut
844 421 1015 517 punientur
1026 462 1087 505 sce·

47 536 140 612 lereti,
152 537 208 618 qui
219 534 419 617 praeripiunt
431 529 531 589 aliena
544 527 710 608 conjugia,
722 523 808 606 quod
820 527 934 586 crimen
948 525 1043 590 haeret
1055 535 1088 594 in

48 624 181 708 Trojenis.
197 627 249 684 An
264 621 327 692 soli
341 621 442 682 Graeci
455 618 645 678 ulciscantur
658 615 738 676 henr
750 613 913 695 injuriam,
928 623 1090 701 raptaue.

49 713 124 774 leuel
145 714 223 774 soloe
244 714 387 794 Mycenae
404 721 514 770 contra
533 706 604 768 illes
623 703 803 773 armentur?
828 727 934 768 nonne
956 711 1089 774 etmihi

49 805 161 864 Lavinia
174 824 249 862 mea
260 797 444 884 praerepta?
497 795 500 802 ‘

83 892 140 968 ¹4⁰·
155 891 285 974 Ohjicit
296 912 356 973 pro
367 888 530 968 Trojanis:
549 889 711 969 perierunt
722 881 789 965 jem
801 884 896 947 semel
910 887 1089 952 Graecorum

51 977 135 1054 bello;
149 1001 263 1042 nonne
275 980 352 1039 satis
365 976 432 1038 est?
445 973 497 1036 sed
511 974 693 1057 respondet:
709 975 751 1032 ita
764 994 854 1048 sene,
873 975 898 1032 si
913 975 1007 1036 semel
1020 998 1088 1058 pec·

51 1073 200 1144 cavissent,
219 1085 254 1130 et
263 1067 362 1150 hujus
372 1068 485 1150 prioris
496 1065 596 1147 culpae
609 1063 704 1124 luisse
713 1083 837 1144 poenenr
851 1063 1022 1126 sufficeret:
1035 1067 1091 1128 sed

53 1179 131 1237 quum
140 1162 262 1241 saepius
274 1171 415 1240 peccent,
427 1153 502 1236 qnid
514 1157 640 1230 mirum,
651 1155 677 1212 si
688 1153 799 1233 saepius
810 1175 934 1235 quoque
944 1157 1092 1237 pereant?

53 1249 224 1327 nequedum
236 1247 286 1306 illi
298 1247 403 1328 perosi
415 1260 487 1329 sunt
497 1242 627 1304 feminas
639 1265 646 1302 z
660 1264 751 1324 ergo,
767 1243 820 1322 qui
831 1245 923 1303 semel
933 1247 1092 1326 perierunt

52 1335 143 1396 Greco
152 1335 258 1414 hello,
270 1349 402 1417 propter
410 1349 531 1416 reptem
543 1331 703 1408 Helenam,
711 1333 960 1414 pereantiterum
968 1336 1092 1410 muno,

52 1438 164 1504 propter
183 1439 314 1505 raptem
333 1425 505 1484 Laviniarn.
528 1420 640 1503 Adjicit
659 1419 828 1482 insultans:
851 1441 869 1478 a
888 1434 953 1496 tem
971 1421 1093 1482 nefario

52 1511 149 1572 scelere
162 1511 250 1574 nulli
271 1515 354 1572 muri
372 1532 425 1572 eos
443 1511 631 1585 tuebuntur,
653 1508 748 1570 nullae
765 1507 865 1568 fossae.
887 1511 1015 1570 Discunt
1031 1509 1093 1572 hoc

51 1603 258 1680 experimento
277 1602 349 1660 sui:
380 1619 487 1660 nonne
508 1599 656 1660 viderunt
675 1598 811 1678 Trojano
836 1600 952 1657 moenia
972 1618 1093 1676 eversa,

52 1688 156 1747 etiamsi
168 1687 327 1751 fabricata
341 1689 478 1768 Neptuni
492 1687 608 1747 menn?
622 1708 676 1746 cur
685 1707 771 1746 nunc
783 1705 856 1764 ergo
867 1684 971 1744 fidunt
980 1687 1095 1767 exiguo

52 1769 100 1833 hoc
111 1776 219 1852 valle,
237 1778 406 1858 parvisque
419 1773 572 1836 fossarum
585 1775 699 1848 muris,
720 1775 775 1854 qui
792 1791 857 1832 non
874 1773 971 1854 longo
986 1774 1093 1834 discri·
1156 1849 1161 1859 Ι

52 1865 123 1922 nine
133 1865 207 1926 illos
219 1879 343 1926 amorre
352 1863 532 1924 removent?
541 1867 766 1944 Argumentum
776 1865 1092 1943 estecompanetione

53 1948 195 2029 majorum
213 1974 220 2007 :
235 1972 302 2010 non
317 1963 461 2010 texerunt
475 1949 603 2010 illorum
618 1949 715 2009 scelus
729 1951 940 2010 munitissima
958 1955 1092 2028 moenia,

52 2049 144 2117 tegent
155 2040 264 2120 exigui
279 2037 384 2098 nturi?

91 2125 148 2201 146.
164 2128 333 2188 Convertit
346 2147 377 2188 se
390 2126 429 2188 ad
442 2147 532 2203 snos,
551 2147 632 2208 quos
645 2125 731 2188 lector
741 2139 835 2188 vocet
846 2124 957 2206 grandi
969 2126 1093 2210 elogio:

55 2215 154 2292 quibus
171 2229 212 2277 ut
228 2216 375 2276 ardorem
392 2215 527 2296 injiciat,
545 2237 577 2275 se
591 2218 767 2297 principem
779 2215 847 2275 fore
863 2217 898 2274 in
913 2216 1094 2278 invadendo

54 2302 107 2374 uit3
120 2317 243 2366 tantum
256 2318 365 2386 rogat,
380 2307 434 2386 qui
450 2325 482 2366 se
494 2304 593 2364 velint
606 2305 711 2384 sequi;
726 2315 756 2362 et
768 2301 883 2362 indicet
895 2307 991 2382 καιρὸν,
1004 2303 1094 2380 ideo,

54 2387 114 2448 dun
131 2392 295 2474 trepidant:
322 2407 355 2454 et
373 2408 482 2470 notes,
512 2393 603 2452 illurn
623 2414 687 2452 non
709 2391 865 2472 ambigere
884 2391 922 2449 de
942 2393 1093 2468 victoria,

57 2479 120 2539 adeo
132 2497 181 2541 est
192 2481 361 2562 praelidens
373 2485 439 2542 sui!
455 2496 577 2544 tentum
590 2481 674 2558 vult,
686 2494 721 2540 ut
732 2481 891 2540 scindetur
902 2478 1037 2555 vallum3
1052 2479 1092 2540 de
1140 2471 1144 2476 ¹

58 2567 168 2651 reliquo
182 2570 263 2630 nihil
277 2569 414 2632 dubitet.

91 2657 149 2732 148.
165 2659 243 2720 Mox
255 2659 401 2723 alludens
412 2658 451 2720 ed
467 2660 593 2740 Trojam
606 2670 756 2720 vastatam
770 2677 788 2716 a
800 2656 930 2733 Graecis,
956 2677 988 2716 se
1001 2668 1031 2716 et
1041 2677 1091 2718 res

57 2849 113 2899 gen.
128 2836 160 2886 ln
174 2851 228 2905 qno
239 2835 315 2888 fecto
327 2837 424 2902 utitur,
441 2837 547 2891 Grnoo·
591 2835 1093 2907 propteranroremfoeminarumlCerte

58 2927 105 2962 mm
116 2913 253 2986 mmplo,
270 2919 318 2986 qui
330 2916 366 2968 ob
379 2929 483 2988 ruptam
494 2919 548 2973 He·
593 2918 754 2988 quicumque
775 2915 820 2968 alii
836 2915 956 2968 nondum
973 2915 1093 2970 odissent

59 2985 133 3042 lenem
142 3005 251 3065 gentem
260 2993 384 3048 delevere
393 2995 546 3064 Tcojeoem.
592 2999 699 3068 penitus
707 2997 1094 3066 omnegenusfcemineum,iie

90 3070 139 3124 1³8.
148 3073 267 3144 Corrjupe
272 3084 406 3144 prerepto.
414 3073 547 3128 invidiose
593 3077 656 3128 setis
669 3076 765 3128 luisset
774 3093 886 3144 peccare
896 3076 986 3145 prius:
1000 3075 1091 3143 idest,

59 3163 169 3216 sponsam
181 3156 319 3224 eoujupem
329 3166 417 3206 vocet.
430 3154 498 3205 Sero.
511 3185 547 3194 -
592 3157 656 3210 setis
665 3167 737 3208 esset
748 3171 875 3226 peccasse
886 3155 974 3224 prius;
986 3157 1041 3208 sive
1053 3175 1093 3210 se·

57 3227 118 3281 Solos
124 3230 238 3284 Atridas.
250 3231 387 3285 Siluerunt
394 3251 486 3303 peenas
495 3235 548 3306 pri·
592 3237 625 3288 tis
635 3247 704 3290 esset
714 3234 842 3287 memorie
850 3235 946 3303 prioris
954 3239 1058 3305 peccati
1065 3252 1092 3292 et

14 3355 16 3360 .
57 3324 147 3361 uuum
156 3313 315 3380 injuriarum
324 3313 352 3364 in
363 3311 469 3364 Atridas
476 3314 547 3384 pulsi
591 3333 691 3386 poenae,
710 3326 740 3364 ut
759 3312 793 3364 eb
816 3331 905 3368 amore
922 3315 1091 3370 foeminarum

57 3389 147 3454 petria,
156 3389 232 3442 luent
242 3393 390 3444 cristarum
400 3393 427 3442 in
436 3409 484 3443 nos
490 3395 548 3462 Jern
593 3395 1092 3468 everterentur:nouiterumidernpec·

58 3481 176 3536 extorres,
186 3484 212 3523 et
222 3471 284 3524 ideo
292 3471 496 3525 imbecilliores:
508 3487 548 3532 est
592 3485 698 3538 carent,
717 3484 745 3524 et
763 3491 859 3524 novem
877 3473 929 3526 sibi
942 3477 1090 3545 perniciem

58 3562 112 3617 ergo
129 3551 222 3608 mutim
239 3551 400 3624 exemplum.
417 3552 548 3623 Deprimit
592 3563 775 3608 accerserent:
789 3554 863 3623 prius
876 3554 984 3606 exitium
995 3573 1041 3608 eos
1055 3559 1091 3612 ecl

58 3640 135 3679 entem
152 3633 240 3683 omnia
256 3633 366 3684 illorum
382 3647 458 3705 geste
475 3633 548 3704 apud
591 3635 696 3706 frugem
705 3632 1090 3692 bonamredunoredeBoissets

57 3703 166 3775 Trajan,
187 3724 213 3766 et
233 3730 261 3766 se
280 3715 381 3766 Grecis
402 3715 548 3784 praeponit,
592 3712 641 3768 sed
652 3713 766 3787 Phryges
777 3733 882 3785 semper
893 3715 1093 3790 Phryqessunss

59 3785 124 3854 quod
131 3791 302 3860 norlaude,
313 3790 363 3844 secl
373 3792 400 3844 ri
409 3791 473 3844 velit
483 3791 549 3849 udo·
592 3813 654 3848 raro
667 3795 784 3864 sapiunt.
797 3796 884 3852 Locus
896 3794 940 3849 lrio
951 3797 1093 3854 intricetue

59 3867 110 3916 rir'c
118 3869 207 3924 Donat.
593 3887 620 3928 et
632 3873 701 3929 dure
713 3875 806 3928 oratio.

95 3947 412 4024 nosedperttsseremet,
423 3953 551 4004 etcNona
632 3953 689 4020 148.
706 3955 769 4008 Non
787 3956 866 4008 annu
883 3955 951 4008 mitt
971 3957 1092 4013 Volcani,

61 4037 89 4074 ne
98 4027 185 4084 sufficit
193 4033 259 4104 ipsis
264 4035 325 4104 jero
333 4030 415 4088 semel
422 4033 550 4102 periisse,
594 4031 665 4093 Bene
677 4049 753 4092 arma
762 4034 922 4106 generaliter
933 4035 1013 4090 dixit:
1028 4055 1094 4094 earn
