2742 4596
250 308 951 397 CODlClBUSMANUSCRlPTIS.
1060 316 1123 404 [137

77 426 198 513 judicio
210 453 265 496 suo
274 449 425 517 sequutus
434 436 486 510 sit,
494 445 581 495 tanto
591 432 750 494 difficilius
760 447 804 495 est
814 435 924 512 dicere,
936 457 1033 518 quum
1042 439 1126 499 idem

79 523 112 580 in
122 523 285 583 nonnullis
295 524 371 584 locis
381 523 597 605 Apronianum
605 523 899 598 mutassedicat,vel
908 524 1064 586 sustulisse
1074 547 1126 603 ea,

79 631 149 691 quae
165 614 198 671 in
215 613 358 673 Mediceo
373 613 486 673 codice'
495 611 601 672 relicta
614 610 730 672 videas.
748 611 795 672 Sic
809 615 876 673 AEn.
891 614 933 689 11,
949 616 987 696 76
1001 637 1127 676 versum

79 699 123 756 ait
137 699 176 758 ab
189 701 369 782 Aproniano
385 721 450 761 esse
469 699 640 772 sublatum3
657 701 682 757 is
699 712 803 758 tamen
817 699 957 761 Mediceo
970 704 1128 762 necessita
1191 697 1193 703 ’

78 806 177 846 manu
191 790 328 849 secunda
339 790 388 868 (1).
402 789 469 850 Nisi
482 789 587 868 itaque
598 785 700 846 Julius
714 785 846 846 Sabinus
861 787 1033 850 admodum
1048 795 1126 853 osci·

76 883 185 934 tanter
199 875 258 936 hac
273 879 306 937 in
316 899 348 937 re
362 890 501 936 versatus
514 888 576 952 est,
589 872 830 952 dicendumvest,
841 897 910 935 eum
927 877 1013 955 aliud
1026 899 1127 940 exem-

78 959 150 1044 plar
169 961 331 1039 habuisse,
351 963 434 1045 qood
453 964 625 1046 Aproniani
640 983 736 1022 manu
751 962 954 1023 emendatum
970 978 1023 1025 aut
1034 978 1127 1040 esset,

78 1065 136 1110 aut
148 1067 320 1133 putaretur.
337 1052 441 1130 Quid?
455 1052 540 1134 quod
556 1052 639 1112 idem
653 1050 706 1111 ille
721 1049 760 1110 ad
775 1052 917 1112 Bucolica
931 1057 1045 1136 passim
1061 1076 1128 1114 non

76 1139 175 1199 modo
190 1139 354 1219 lectiones,
367 1161 473 1200 verum
488 1145 581 1200 etiam
594 1137 799 1221 etymologias
815 1153 845 1199 et
859 1142 1128 1222 interpretationes

76 1229 253 1308 Aproniani
267 1232 390 1306 laudat,
408 1251 485 1312 quas
502 1228 586 1289 unde
600 1227 754 1303 hauserit,
768 1229 912 1289 nondum
925 1233 1042 1312 reperi,
1058 1252 1086 1290 v.
1102 1252 1126 1290 c.

79 1318 430 1398 adE01.111‚18:1‚6.

120 1407 257 1486 Primus,
272 1431 366 1492 quem
378 1407 464 1468 hunc
480 1408 597 1468 librum
611 1408 782 1490 possedisse
794 1421 931 1486 constat,
943 1409 1004 1470 fuit
1016 1409 1130 1470 lludol·

76 1496 162 1580 phus
180 1501 270 1576 Pius,
291 1499 463 1560 Cardinalis
476 1499 653 1580 Carpensis,
673 1498 729 1556 sub
751 1497 863 1558 Paullo
878 1498 939 1574 111,
954 1502 988 1560 P.
1000 1499 1060 1575 M.,
1075 1499 1130 1579 qui

78 1608 153 1648 eum
178 1587 291 1649 Achilli
319 1589 418 1650 Statio
443 1586 651 1648 evolvendum
677 1587 854 1668 permisisse
879 1587 1016 1665 videtur,
1039 1587 1129 1669 cujus

77 1677 173 1734 etiam
185 1673 317 1736 disticha
330 1675 483 1736 nonnulla
500 1675 599 1736 fronti
612 1673 729 1738 codicis
741 1674 866 1756 praelixa
879 1675 1042 1758 leguntur3
1055 1697 1130 1737 mox

76 1762 165 1824 idem
179 1765 364 1848 Rudolphus
376 1787 445 1826 eum
461 1763 663 1825 bibliothecae
673 1765 831 1824 Vaticanae
846 1764 976 1847 legavit,
989 1777 1023 1826 ut
1035 1788 1070 1826 ex
1080 1765 1131 1825 Al·

77 1852 111 1912 di
122 1853 357 1938 orthographia
367 1855 463 1916 latina
474 1854 609 1916 docuere
619 1855 678 1913 viri
694 1851 776 1913 docti
790 1855 845 1934 (2);
860 1876 951 1937 equa
965 1855 1065 1930 furto,
1076 1867 1130 1916 aut

81 1943 146 2003 alio
160 1965 231 2005 casu
247 1960 421 2028 surreptus,
436 1947 468 2004 in
482 1945 654 2006 Mediceam
668 1945 818 2025 pervenit.

120 2033 272 2112 Expressa
285 2031 350 2114 jam
366 2031 487 2092 dudum
505 2054 541 2092 ex
557 2031 617 2092 hoc
634 2031 742 2092 codice
756 2046 821 2092 erat
834 2033 930 2092 editio
946 2033 1044 2104 Paulli
1059 2035 1130 2093 ¹Ma-

78 2119 163 2178 nutii
179 2120 264 2181 1583.
277 2124 382 2204 Nuper
396 2121 434 2181 ad
448 2121 580 2181 eandem
598 2141 707 2181 excusa
721 2121 820 2180 fertur
834 2121 930 2182 editio
945 2121 1130 2202 Ambrogia-

79 2230 131 2270 na.
150 2211 298 2270 Heinsius
317 2211 482 2293 diligenter
493 2229 567 2270 ‘eum
586 2210 751 2270 Florentiae
771 2210 937 2270 evolverat.
955 2213 1131 2274 Varietatem

80 2293 212 2356 lectionis
231 2312 403 2381 excerptam
421 2297 487 2379 jam
508 2298 581 2358 1565
599 2297 781 2377 vulgaverat
797 2297 1050 2360 Brixiae‘Paullus
1067 2298 1130 2358 Ga·

80 2381 207 2444 hianus.

120 2473 261 2534 Alterum
282 2475 431 2537 volumen
452 2474 621 2557 Fogginius
641 2475 828 2557 promiserat
845 2476 944 2556 priori
966 2474 1012 2533 illi
1032 2476 1130 2555 subji-

80 2559 243 2636 ciendum,
256 2563 288 2620 in
305 2585 369 2644 quo
380 2562 543 2622 historiam
558 2561 675 2622 codicis
691 2559 820 2620 ulterius
834 2573 1073 2643 persequuturus
1083 2583 1131 2623 cs-

80 2662 140 2726 set;
156 2651 268 2733 inquo
284 2673 352 2732 quae
365 2651 461 2712 modo
476 2652 633 2734 disputata
648 2665 736 2726 sunt,
750 2652 922 2712 accuratius
936 2651 1017 2712 forte
1031 2667 1062 2712 et
1076 2674 1130 2713 co·

82 2741 204 2821 piosius
217 2739 333 2800 tradita
345 2741 485 2801 fuissent.
577 2761 578 2766 ¹
892 2735 894 2740 ¹

118 2899 159 2971 (1)
171 2899 231 2952 Alia
245 2900 365 2972 exempla
376 2899 431 2952 vid.
443 2901 488 2966 IV,
503 2901 567 2969 273,
581 2917 638 2952 var.
651 2899 713 2951 lect.
730 2911 756 2950 et
770 2900 834 2968 298,
849 2897 908 2952 528.
927 2901 987 2952 Una
1000 2912 1039 2952 est
1050 2901 1130 2953 lectio

80 2981 129 3033 lib.
143 2983 188 3045 lV,
202 2981 268 3047 663,
278 2981 404 3046 mediam,
418 2998 498 3050 quam
511 2993 639 3051 tanquam
649 2980 831 3050 Apronianam
841 2979 947 3046 laudat,
960 2999 1017 3050 qua
1027 2983 1055 3031 in
1064 2981 1134 3051 Fog·

80 3063 193 3133 giniauo
206 3061 351 3133 exemplari
363 3079 418 3112 non
431 3062 556 3112 occurrit.
569 3064 634 3112 Item
650 3059 759 3112 alialib,
770 3061 820 3127 Xl,
832 3061 893 3131 696.

118 3139 158 3210 (a)
168 3141 207 3191 Ea
216 3143 321 3192 ratione
330 3136 387 3191 hae'c
396 3141 549 3210 exposuisse
561 3139 697 3208 videmur,
708 3139 933 3211 quadubitationi
945 3140 994 3192 PP.
1003 3137 1133 3192 Benedic-

80 3223 163 3272 tinor.
174 3220 192 3271 l.
204 3219 223 3270 l.
237 3239 264 3291 p.
276 3221 308 3273 52
319 3219 358 3291 (a)
369 3231 536 3282 decurtatum
550 3221 599 3272 etsi
611 3220 691 3291 vulgo
704 3220 822 3272 Achilles
835 3221 932 3273 Statius
947 3221 1016 3272 inter
1027 3237 1133 3291 posses·

81 3317 157 3352 sores
174 3299 415 3352 codicisrelertur.
435 3299 559 3352 Ceterum
575 3300 644 3352 male
659 3301 715 3352 hac
732 3313 842 3354 narrata
856 3313 930 3366 sunt,
950 3302 972 3352 si
985 3301 1133 3354 Galluzium

83 3379 226 3432 audiamus
238 3377 283 3448 (in
295 3381 381 3433 Ston'a
390 3380 433 3432 del
443 3381 514 3432 Gran
524 3381 625 3432 Ducoto
637 3381 665 3432 di
677 3383 792 3433 Tuscana
801 3380 844 3433 sul
848 3399 961 3453 poverno
971 3379 1009 3432 de‘
1018 3381 1115 3432 Medici
1122 3383 1133 3453 )

81 3460 129 3512 lib.
143 3463 168 3525 Ι,
182 3479 242 3531 cap.
259 3479 302 3528 ια,
319 3475 345 3514 et
356 3461 477 3514 Ariolum
490 3461 637 3534 prolegom.
651 3461 752 3514 Sedulii
763 3481 789 3532 p.
804 3462 852 3531 78,
865 3481 886 3514 s.
903 3462 959 3532 147.
974 3462 1065 3515 Codex
1077 3477 1135 3516 erat

82 3541 111 3591 iu
124 3538 236 3592 cimeliis
252 3539 347 3592 domus
360 3541 392 3594 de
409 3543 502 3593 Monte
520 3540 636 3612 (dequo
652 3540 775 3592 dubitare
790 3539 865 3603 licet;
886 3560 902 3592 a
914 3540 1058 3612 liudolpho
1068 3541 1135 3594 Car,

82 3622 162 3692 pensi
175 3619 210 3672 ad
222 3639 281 3672 eam
292 3635 396 3694 gentem
409 3623 541 3694 perlatum
554 3641 615 3673 eum
628 3639 685 3674 esse
697 3621 865 3691 probabilius
877 3619 905 3673 fit
914 3621 937 3694 );
955 3622 1041 3674 Julius
1054 3624 1088 3674 lll
1102 3643 1134 3676 ex
1239 3682 1241 3685 ¹

84 3717 117 3750 ea
138 3713 220 3769 gente
237 3700 366 3752 oriundus
390 3701 510 3754 codicem
535 3701 606 3752 dono
628 3699 739 3752 dederat
758 3699 896 3752 Cardinali
918 3701 1073 3753 Innocentio
1099 3701 1134 3753 de

83 3781 193 3847 Monte,
207 3797 221 3831 a
234 3797 288 3850 quo
301 3781 367 3836 1568
380 3783 496 3835 muneris
508 3781 569 3834 loco
581 3781 702 3852 pervenit
715 3779 749 3831 ad
759 3781 893 3833 Cosmum.
