2726 4592
227 275 290 342 352
475 273 508 338 P.
533 269 761 338 VIRGILII
785 269 1015 342 Mlaouts

226 401 367 481 diligeret
382 394 493 471 modo,
505 394 558 455 sed
573 407 697 454 amaret.
714 391 985 474 Ejusbibliotheca
1000 419 1063 456 non
1079 399 1186 458 minus
1200 397 1264 459 aliis

226 492 325 552 doctis
345 485 485 568 patebat,
507 506 541 544 ac
560 483 637 542 sibi:
659 482 799 565 illudque
823 485 978 566 Euripidis
1000 488 1165 567 antiquum
1189 507 1264 568 saepe
1346 559 1347 568 ἵ

225 577 410 680 usurpabat,
426 578 458 632 τὰ
471 577 714 652 τῶνφίλωνκοινὰ,
732 577 909 634 communia
926 577 1181 635 esseamicorum
1200 597 1264 635 orn·

225 670 296 728 nia:
322 684 416 744 quare
439 681 557 722 coaevos
578 681 685 719 omnes
707 675 812 742 poetas
834 664 875 721 ita
897 661 1059 743 adjunctos
1082 662 1209 736 habuit,
1233 679 1265 722 ut

226 775 323 838 quum
340 755 419 811 inter
434 772 463 809 se
479 749 646 831 plurimum
663 751 780 810 invidia
796 749 953 825 arderent,
975 753 1064 812 illum
1080 773 1143 811 una
1159 771 1264 811 omnes

225 845 324 906 colar(
327 857 374 916 nt,
384 841 626 915 Varius,Tucra,
637 841 793 916 Horatius,
804 840 922 917 Gallus,
937 844 1147 944 Propertius.»
1161 845 1265 919 Longe

225 931 338 992 abhoc
352 933 520 1004 Homerus,
532 930 585 1009 qui
600 930 703 987 vivens
717 931 866 988 anemine
876 945 997 990 amatus
1008 947 1066 1006 est,
1078 933 1177 989 immo
1193 928 1264 986 odio

224 1019 366 1094 habituS,
385 1017 467 1098 quod
487 1040 623 1099 expresse
637 1018 742 1077 scribit
760 1018 836 1080 Plat.
853 1021 907 1079 lib.
926 1023 967 1095 X,
986 977 1078 1080 Polii.
1101 1018 1180 1078 Vide
1194 1035 1265 1078 vero

225 1135 264 1172 an
280 1110 409 1171 dilectus
427 1125 554 1189 proptor
571 1108 794 1169 humanitatem
811 1111 977 1191 Virgilius,
996 1131 1093 1192 quum
1109 1121 1266 1169 vocetura

224 1198 328 1282 Phora
341 1201 439 1257 Romoe
451 1200 576 1255 viscera:
590 1198 627 1256 ab
639 1199 769 1257 Horatio
782 1199 833 1257 od.
847 1200 881 1274 3,
892 1199 946 1258 lib.
958 1201 1102 1274 Lauiniae
1111 1196 1264 1256 dimidium
1347 1245 1348 1250 ,

225 1311 313 1348 meoe:
333 1301 363 1346 et
376 1287 436 1344 Sat.
453 1287 484 1359 5,
505 1283 559 1346 lib.
572 1288 600 1360 l,
622 1286 676 1344 dat
689 1288 788 1346 eidem
805 1287 972 1347 candorem
986 1289 1092 1347 animi.
1107 1288 1195 1345 Hanc
1208 1283 1266 1342 hu·
1347 1299 1348 1302 ’

222 1377 382 1438 munitatis
395 1375 532 1434 indolem
545 1397 561 1433 a
577 1397 674 1456 puero
688 1375 802 1436 babuit
813 1378 982 1457 Virgilius:
998 1380 1041 1437 ait
1055 1378 1138 1435 enirn
1154 1378 1266 1433 Auctor

224 1466 290 1545 ejus
303 1467 388 1537 vita,
401 1462 489 1522 illum
503 1463 580 1522 adeo
591 1485 607 1521 a
618 1465 726 1544 primis
737 1466 826 1524 antris
838 1467 903 1524 miti
917 1463 1003 1523 vultu
1015 1464 1123 1537 fuisse,
1137 1474 1173 1520 ut
1182 1457 1266 1518 haud

224 1555 351 1636 dubiam
363 1573 450 1635 spem
460 1555 665 1634 prosperioris
678 1557 827 1635 genitura·
837 1554 981 1635 jamtum
997 1552 1150 1613 indicaret
1160 1550 1207 1630 (5.
1220 1547 1266 1626 lJ).

634 1719 851 1760 Pavonum.

262 1833 409 1891 Inventus
422 1843 466 1888 est
475 1849 555 1909 saepe
566 1831 722 1908 Augustus
736 1830 840 1896 sedens
854 1831 933 1888 inter
944 1829 1110 1909 Virgilium
1120 1824 1156 1884 ‘et
1167 1825 1265 1882 Hora*

221 1925 315 1994 tium,
331 1921 452 1998 magnis
465 1918 503 1977 de
516 1918 605 1976 rebus
621 1938 692 1976 cum
709 1919 767 1978 illis
782 1922 910 1999 agitans.
926 1919 1048 2000 Virgilii
1064 1915 1263 2000 prudentiam

222 2013 316 2069 etiam
329 2006 463 2065 declarat
475 2026 605 2085 sequens
620 2009 768 2067 narratio.
783 2011 855 2068 Fuit
869 2023 964 2068 tantae
976 2007 1167 2068 auctoritatis
1179 2000 1263 2083 apud

221 2097 410 2176 Augustum,
432 2106 467 2151 ut
485 2091 632 2152 dubitans
647 2095 686 2168 is,
707 2117 746 2154 an
765 2097 931 2178 imperium
951 2099 1112 2168 retineret,
1131 2109 1172 2150 an
1190 2107 1263 2148 vero

221 2183 450 2264 rempublicam
460 2181 600 2242 redderet
612 2185 749 2263 pristinae
761 2184 911 2261 libertati,
925 2199 1070 2266 sequutus
1082 2183 1179 2243 fuerit
1191 2199 1264 2238 cou-

204 2314 207 2319 ·
220 2273 325 2332 silium
336 2269 471 2350 Virgilii,
480 2270 544 2350 qui,
553 2284 586 2329 ut
597 2275 749 2346 retineret,
758 2275 853 2332 suasit
866 2272 924 2334 hac
937 2277 1073 2333 ratione:
1090 2269 1186 2327 «ideo
1201 2285 1265 2323 mo·

220 2361 286 2421 lesti
302 2376 374 2420 sunt
391 2381 497 2420 omnes
512 2363 652 2441 tyranni,
675 2365 748 2441 quia
764 2377 797 2422 ut
814 2364 982 2444 plurimum
1000 2361 1124 2443 injusti,
1143 2371 1174 2417 te
1188 2375 1270 2414 vero-

220 2452 266 2509 tui
279 2463 307 2508 et
319 2462 424 2507 amant
434 2463 465 2506 et
478 2447 624 2522 adorant,
639 2451 710 2528 quia
717 2449 821 2529 justus
833 2471 864 2510 es
876 2473 882 2508 :
897 2467 943 2510 est
953 2453 1035 2509 enirn
1049 2469 1082 2508 ea
1097 2446 1264 2505 bominum

219 2539 375 2611 conditio,
396 2551 442 2609 ut,
466 2539 491 2596 si
507 2538 632 2618 quando
646 2541 764 2616 justum
778 2541 889 2620 Regem
904 2543 983 2600 nacti
1000 2543 1075 2613 sint,
1097 2536 1195 2595 velint
1207 2551 1264 2614 po·

217 2631 280 2686 tius
301 2626 345 2686 illi
366 2625 471 2700 subdi,
491 2649 585 2706 quam
609 2649 674 2687 csse
694 2628 798 2704 liberi,
818 2633 936 2689 etiamsi
953 2633 1016 2690 Rex
1034 2631 1074 2688 sit
1089 2637 1261 2707 tyrannus:

219 2737 314 2798 quare
327 2715 482 2774 dominari
497 2729 539 2790 tc,
553 2730 581 2776 et
597 2712 669 2792 tibi,
684 2732 714 2776 et
724 2715 794 2776 orbi
805 2719 960 2779 conducit.
973 2745 985 2774 a
1002 2723 1074 2778 llaec
1088 2715 1168 2774 ratio
1185 2711 1262 2769 adeo

217 2806 324 2866 efficax
337 2806 399 2864 fuit
412 2806 493 2886 apud
508 2808 695 2911 Augustum,
709 2821 742 2866 ut
755 2823 916 2869 nutantem
930 2809 1020 2868 illum
1033 2801 1265 2866 conlir'maverit

217 2897 255 2957 ad
267 2895 483 2958 retinendum
476 2900 653 2984 imperium.
663 2899 718 2956 Sed
732 2899 806 2978 quid
819 2922 895 3002 opus
906 2899 965 2960 hac
975 2893 1174 2958 narratione?
1183 2903 1262 2951 certe
1349 2943 1351 2962 ,

217 2981 419 3066 Virgilianam
433 2987 648 3066 prudentiam,
663 3001 692 3045 et
702 2986 850 3066 judicii
824 3011 890 3069 eJus
901 2991 1110 3049 maturitatem
1122 2983 1265 3042 indicant

217 3076 376 3134 sententiae
390 3073 474 3132 illius
487 3087 516 3132 et
529 3094 602 3131 sana
615 3073 773 3148 doctrina,
790 3097 858 3156 quae
869 3099 979 3159 sparsae
991 3080 1022 3135 in
1034 3074 1149 3132 divinis
1162 3067 1264 3150 operi·

215 3165 285 3224 bus.
294 3163 660 3237 VidectiamsententiaS,
673 3165 875 3249 quasrolligit
885 3169 957 3226 vitae
968 3167 1033 3245 ejus
1044 3159 1151 3224 auctor
1165 3165 1193 3239 5.
1211 3177 1262 3238 71,

215 3252 323 3333 plenas
335 3251 467 3331 J'utlicro.
484 3252 624 3312 AitScal.
639 3277 652 3307 a
664 3254 753 3334 Apud
768 3257 934 3336 Virgilium
945 3257 1054 3314 tltneas
1067 3273 1132 3312 non
1147 3263 1262 3307 temere

216 3341 403 3403 suaslaudes
414 3341 721 3424 effutrtnzlrocqutd
733 3348 861 3418 cst,n1s1
875 3367 957 3404 mera
969 3337 1259 3426 prudentrairllrbr:

216 3453 230 3482 a
240 3432 294 3486 Est
306 3426 398 3507 longe
411 3430 532 3487 civilior
544 3432 682 3490 Homero
694 3454 702 3504 3
721 3433 897 3512 castigatior
911 3447 972 3504 est;
995 3430 1176 3490 moderatur
1192 3441 1261 3502 quae

215 3519 313 3578 nimia
328 3530 400 3575 sunt
415 3519 448 3575 in
463 3521 616 3594 Homero,
630 3535 763 3595 coercet,
778 3541 846 3602 quae
859 3523 1010 3582 diffluunt
1022 3523 1055 3581 in
1068 3517 1133 3578 illo.
1145 3542 1160 3573 a
1181 3519 1259 3574 Lac·

214 3607 331 3666 tantius
344 3602 400 3664 lib.
415 3606 461 3664 ll:
479 3632 493 3661 u
503 3621 595 3693 poeta
608 3609 753 3690 prudens.
765 3636 778 3666 a
861 3669 864 3676 ,
934 3633 936 3640 ·

641 3779 828 3820 MODESTIA.

253 3889 367 3948 Auctor
380 3889 446 3968 ejus
458 3895 528 3952 vitae
542 3895 571 3971 §.
584 3895 640 3952 68:
659 3920 673 3949 a
684 3897 799 3956 Gloriae
818 3895 894 3954 adeo
913 3907 1110 3976 contemptor
1126 3892 1204 3965 fuit,
1224 3899 1257 3948 ut

213 3998 309 4059 quum
322 3981 450 4060 quidam
463 3997 568 4041 versus
579 3984 734 4062 quosdam
747 3985 806 4045 sibi
819 3986 1041 4060 adscriberent,
1059 4002 1157 4064 eaque
1173 3981 1212 4040 de
1225 3997 1257 4037 re
