2726 4592
181 285 1040 364 avirra.aran.vtmraamnosmoasm.
1064 317 1125 387 297
1188 303 1192 310 “

96 407 294 490 ploconstat,
308 409 376 495 qui,
386 409 418 472 in
433 407 651 482 insulaBenaci
665 410 816 471 Sirmione
829 426 932 488 natus,
942 417 1128 479 Veronensis

96 498 280 580 appellatur,
291 496 414 580 Virgilii
434 499 568 578 origines
587 497 626 563 ad
645 497 805 583 Mantuam
821 503 920 582 ipsam
936 504 1126 580 referuntur,

95 601 127 655 ut
140 585 180 645 ab
195 589 263 668 ipso
276 601 366 668 poeta
378 585 493 652 facturn
510 606 572 644 esse
586 586 770 651 videturGe.
785 589 842 664 Ill,
859 611 907 666 ¹⁰3
922 591 980 652 alia
994 583 1127 654 aliorum

94 674 161 734 loca
174 697 203 733 v.
220 697 269 757 ap.
278 669 403 734 'Cluven
416 675 437 734 l.
453 675 475 735 l.
487 677 563 741 'Erat
581 677 710 743 Mantua
723 677 756 734 in
771 677 873 738 Gallia
886 681 1054 762 Cisalpina.
1071 685 1101 745 V
1098 703 1127 740 e·

96 775 192 822 netum
205 774 310 822 tamen
324 761 474 844 appellat,
484 761 567 842 apud
579 761 775 827 Macrobium
786 767 968 847 Euangelus,
979 771 1039 828 Sat.
1051 770 1087 846 V,
1100 789 1128 842 2,
1167 761 1170 768 ’

92 849 144 910 sed
158 870 230 909 cum
249 852 408 926 irrisione,
422 864 458 909 ut
475 850 593 910 scilicet
607 865 693 916 tanto
711 856 808 934 magis
822 875 893 914 eum
906 878 923 914 a
937 857 1024 916 cultu
1042 858 1129 917 Grae-

92 959 198 998 aarum
212 939 371 1000 literarum
384 939 522 1000 alienum
538 940 682 1022 fingerem
698 943 758 1001 nisi
772 943 939 1004 secundum
949 947 1128 1028 posterioris

65 1033 67 1040 ’
93 1028 227 1088 Venetiae
242 1027 318 1089 fines
328 1029 445 1089 dictum
458 1031 625 1106 existimes,
636 1033 689 1112 qui
702 1030 741 1090 ad
753 1030 1002 1115 Adduam'usque
1011 1035 1129 1104 flumen

92 1117 345 1180 extendebantur.
361 1117 480 1181 Phncas
493 1122 722 1181 Grammaticus
736 1123 769 1182 in
777 1123 964 1204 VitaVirgil.
979 1145 1011 1183 21
1025 1128 1128 1202 Vatent

90 1207 260 1279 Etruscum,
274 1208 426 1289 appellat,
442 1223 511 1268 etv.
525 1209 541 1268 5
557 1209 680 1270 AEmulo
697 1210 853 1293 Virgilium
867 1211 949 1272 telius
961 1215 1018 1274 nisi
1035 1217 1128 1273 Tusca

90 1293 218 1355 dedisset.
235 1297 335 1355 Possit
352 1298 383 1356 id
406 1298 444 1356 ad
466 1299 598 1378 origines
616 1299 753 1359 Mantuae
774 1299 898 1374 referri3
915 1322 943 1358 v.
964 1301 1034 1359 Exc.
1053 1300 1068 1358 l
1089 1297 1128 1358 ad

72 1427 74 1438 .
90 1383 156 1448 AEn.
170 1385 207 1444 X.
221 1384 274 1444 sed
284 1389 333 1445 vix
346 1400 407 1450 tam
422 1387 511 1446 docte
523 1388 654 1456 scribere
664 1387 765 1448 voluit
779 1387 907 1452 Phocea.

127 1481 174 1540 De
187 1479 294 1540 Idibus
305 1482 433 1542 Octobr.
443 1504 507 1543 non
519 1483 613 1544 modo
627 1505 663 1544 ex
674 1483 842 1565 Phlegonte
852 1485 872 1546 l.
884 1484 905 1544 l.
916 1505 1022 1543 verum
1033 1484 1126 1542 etiam

89 1587 124 1627 ex
140 1571 283 1630 Martiale
299 1572 372 1646 XII,
390 1573 429 1634 68
446 1586 582 1633 constat:
603 1572 735 1634 Octobres
748 1577 837 1634 Maro
857 1575 1033 1647 consecravit
1049 1571 1127 1634 Idus.

89 1658 175 1718 Adde
188 1662 304 1724 auson.
324 1661 416 1743 idyll.
428 1665 466 1738 V,
482 1665 528 1723 26.
545 1665 569 1721 A
583 1663 655 1721 viris
674 1663 772 1722 doctis
792 1685 842 1727 eas
858 1665 937 1723 inter
955 1661 1020 1723 dies
1034 1661 1126 1721 festos

87 1743 213 1818 habitas
230 1748 341 1822 fuisse,
362 1771 432 1808 cum
453 1769 489 1808 ex
511 1749 571 1807 illis
592 1751 667 1808 locis
688 1763 831 1831 apparet,
857 1764 924 1810 tum
943 1751 1008 1810 Silii
1028 1746 1127 1809 Italici

87 1835 228 1916 exemplo
243 1835 326 1916 apud
339 1835 419 1902 Plin.
435 1837 530 1916 Epist.
546 1836 602 1912 ΙΙΙ,
618 1859 654 1918 7:
668 1837 793 1902 multum
805 1838 1124 1918 ubique...imapinum‚

86 1946 158 2004 quas
171 1945 234 1984 non
249 1923 371 1989 babebat
381 1925 481 1999 modo,
496 1946 594 1986 verum
610 1929 696 1986 etium
708 1927 911 2000 venerabiiium
928 1931 957 1990 V
956 1925 1044 2009 irqttii
1058 1940 1127 1986 ante

86 2033 198 2085 omnes,
216 2009 297 2095 cujtu
311 2011 438 2080 natalem
453 2011 612 2093 religiosius
625 2035 714 2094 quom
727 2037 811 2075 suum
826 2013 996 2074 celebrabat.
1011 2015 1124 2074 Natum

84 2097 266 2179 Virgilium,
279 2119 376 2180 quum
387 2099 437 2160 Sol
448 2120 484 2158 ex
491 2101 619 2180 Virgine
634 2102 666 2158 in
677 2100 786 2166 Chelas
799 2115 939 2181 receptus
951 2113 1035 2176 esset,
1047 2099 1078 2159 h.
1090 2102 1123 2166 in

11 2211 12 2214 ¹
84 2186 189 2251 locum
200 2186 301 2252 Librae
311 2187 453 2270 deinceps
466 2188 672 2262 destinatum,
685 2189 801 2249 Phocas
814 2213 843 2249 v.
857 2211 904 2248 ar.
915 2211 950 2248 22
962 2203 1124 2251 memorat.

84 2275 217 2356 Augusti
238 2295 304 2335 aevo
325 2275 375 2336 Sol
399 2276 523 2336 Libram
543 2275 649 2335 adibat
670 2277 738 2335 Kal.
758 2277 814 2336 XII
834 2277 962 2336 Octobr.
980 2276 1064 2334 conf.
1084 2276 1123 2338 ad

86 2361 142 2424 Ge.
156 2366 186 2438 1,
199 2363 248 2423 32.

122 2463 171 2522 De
187 2464 470 2531 Grammaticorum
485 2465 577 2544 nugis
595 2465 676 2526 circa
688 2462 805 2527 natales
822 2474 921 2542 poetae
932 2483 961 2520 v.
976 2483 1069 2542 supra
1084 2459 1124 2520 ad

86 2549 194 2616 Vitam
207 2551 321 2610 Donati
335 2552 364 2630 ἕ.
378 2553 405 2612 3.
418 2549 446 2625 4.

121 2649 169 2707 De
181 2652 330 2730 scriptura
345 2649 657 2730 nominisdigladiati
673 2661 745 2707 sunt
756 2649 835 2706 inter
846 2670 891 2722 se,
903 2639 972 2708 curn
989 2661 1121 2722 veteres,

85 2749 153 2796 tum
176 2739 358 2799 recentiores
381 2739 593 2800 Grammatici.
614 2737 745 2818 Lapides
766 2751 797 2795 et
816 2737 935 2797 codices
956 2751 1123 2816 utrumque

84 2825 241 2890 exhibent.
261 2828 362 2886 Etiam
381 2827 480 2888 Graeci
499 2827 594 2886 modo
615 2830 755 2905 Οὐιργίλιος
776 2824 871 2884 modo
890 2831 1032 2906 Οὐεργίλιος
1052 2824 1123 2883 scri-

84 2911 182 2972 bunt:
199 2926 229 2972 et
244 2911 402 2994 Vergilius,
421 2913 589 2988 Mediceus,
604 2913 696 2974 Pierii
716 2913 888 2984 Romanus,
908 2925 937 2970 et
961 2910 1125 2970 vetustissi-

85 3021 171 3061 mum
179 3003 304 3082 Fragm.
317 3005 404 3084 Aspri
419 3003 501 3084 apud
517 3001 730 3063 Benedictinos
741 3005 838 3065 Nouv.
853 3005 899 3060 Tr.
912 2999 946 3059 de
962 2996 1121 3080 Diplomat.

84 3091 117 3148 T.
135 3091 194 3164 111,
221 3113 252 3173 p.
276 3091 339 3152 152.
361 3093 503 3156 Ceterum
521 3091 609 3166 vide,
625 3092 650 3152 si
670 3091 747 3150 tanti
766 3105 826 3163 est,
847 3087 974 3149 Corrad.
994 3090 1026 3145 in
1049 3087 1122 3144 Vita

85 3178 208 3258 Virgilii
233 3201 281 3261 pr.
303 3180 381 3262 adde
403 3201 480 3259 quos
500 3180 605 3242 laudnt
624 3180 742 3238 Fabric.
758 3176 903 3239 Biblioth.
922 3176 975 3236 lat.
993 3173 1056 3234 vol.
1075 3174 1122 3248 11,

85 3287 115 3346 p.
129 3269 203 3339 226;
215 3270 383 3328 Burmann.
398 3265 566 3346 Antholog.
581 3270 614 3326 T.
628 3267 657 3341 l,
679 3288 709 3346 p.
721 3267 793 3346 3993
814 3266 963 3338 Pierium,
977 3263 1121 3336 Cerdarn',

86 3356 254 3422 Burmann.
267 3355 305 3414 ad
318 3357 403 3438 Virg.
415 3357 529 3436 Georg·
541 3357 594 3428 IV,
606 3368 679 3416 extr.
692 3369 723 3414 et
737 3357 865 3413 Ruaeum
877 3355 911 3412 in
920 3354 989 3412 Vita
1000 3351 1121 3432 Virgilii

85 3465 131 3524 pr.
152 3446 279 3504 Nomini
298 3447 332 3504 in
349 3447 500 3504 veteribus
519 3444 681 3504 nonnullis
694 3443 778 3504 libris
790 3439 961 3502 Parthenias
975 3439 1121 3502 additur:

86 3553 113 3592 v.
130 3555 198 3616 sup.
214 3533 253 3592 ad
264 3534 377 3594 Donat.
390 3536 416 3613 S.
430 3555 477 3593 aa.

121 3633 267 3690 Parentes
281 3631 428 3711 Virgilius
440 3629 584 3690 honestos
598 3630 739 3712 quidem,
751 3627 855 3709 quales
867 3629 986 3689 nobiles
999 3641 1119 3687 nostros

84 3719 252 3793 villaticus,
265 3718 316 3776 sed
328 3733 431 3778 tamen
444 3719 606 3792 obscuros3
623 3732 653 3777 et
668 3719 700 3776 in
721 3737 795 3797 agro
811 3737 866 3775 suo
881 3715 1011 3776 colendo
1024 3716 1119 3776 vitam
1133 3744 1135 3747 ·

85 3821 224 3888 agentes,
240 3804 370 3865 babuit:
386 3806 468 3866 unde
483 3807 609 3867 ductum
626 3806 704 3866 illud
716 3827 765 3887 ap.
780 3802 918 3880 Macrob,
930 3806 967 3880 V,
982 3825 1014 3878 2,
1037 3805 1122 3866 Unde

83 3897 159 3958 enim
185 3896 293 3957 Veneto
321 3895 431 3952 rusticis
451 3892 615 3974 parentibus
635 3906 721 3967 nato,
746 3895 820 3951 inter
841 3890 935 3972 sylvas
957 3903 984 3950 et
997 3893 1120 3973 frutices
1147 3924 1150 3932 ι

81 3981 200 4058 educta,
213 3977 259 4054 vel
273 3978 340 4046 leuis
357 3981 523 4047 Graecarum
535 3985 639 4048 notitia
653 3979 821 4046 literarum?
832 3978 925 4057 Quod
935 3980 1119 4063 autemfiqu·
