2720 4588
339 286 391 348 IN
416 282 881 348 AENEIDOSLIB.X11.
1068 304 1125 349 201

86 427 225 479 moram;
239 403 320 464 nihil
333 403 498 466 valituram
509 408 662 488 ignaviam
673 404 896 486 Trojanorum,
909 404 1005 486 quiid
1017 422 1133 464 recusa·

84 496 180 554 bant:
196 495 336 555 studiose
346 495 411 556 haec
421 518 478 577 pro
491 518 521 555 se
532 499 668 570 Turnus,
682 495 761 555 nihil
774 497 858 556 enirn
868 495 1051 554 recusabant
1060 495 1135 553 Tro-

16 619 17 638 i
84 581 165 661 jani,
179 605 237 643 suo
251 583 324 642 freti
340 584 432 657 duce3
446 585 496 644 sed
514 583 573 644 hoc
588 583 649 643 illis
663 586 787 643 Turnus
802 585 946 665 appingit
960 596 989 642 et
1001 581 1133 662 affingit.

88 675 192 752 Pergit
204 676 327 732 Turnus
342 673 470 733 hortans
482 677 595 754 Regem
606 689 636 734 et
647 672 850 754 compellans,
861 686 897 732 ut
907 673 985 732 ferat
995 693 1092 745 sacra,
1104 685 1135 729 et

87 759 188 818 fedus
203 761 361 841 concipiat
376 759 507 820 solemni
521 759 688 820 verborum
704 759 816 818 forma.

130 845 174 922 id.
187 850 302 930 Ingens
315 849 516 931 pollicitatio:
529 851 644 910 dexteru
654 847 722 922 huc,
736 851 864 926 δςικτικῶς
876 851 988 909 mittam
998 847 1050 908 sub
1062 851 1133 906 Tar·

89 949 164 1011 tura,
186 937 292 998 locum
315 931 427 1000 inferni
453 939 753 1022 profundissimum:
774 959 810 998 eo
832 941 915 997 enini
934 956 1052 996 necesse
1070 947 1135 994 erat

89 1025 131 1084 ire
152 1025 338 1100 desertorem,
359 1028 476 1102 scilicet
487 1029 629 1110 fugacem
648 1027 808 1087 hominem
829 1047 864 1085 ac
886 1025 1083 1108 praedonem3
1105 1036 1135 1082 et

87 1115 179 1186 Aue,
194 1114 227 1172 id
240 1129 300 1192 est,
314 1116 471 1177 imbellem
487 1117 578 1198 plane
590 1131 620 1176 et
632 1115 863 1186 effeminatum
877 1134 950 1173 nam
963 1113 1038 1171 tales
1051 1112 1135 1169 Asia-

89 1201 148 1258 tici.
172 1199 311 1276 Quodsi
332 1203 364 1262 id
384 1226 449 1266 non
463 1205 580 1279 fecero,
605 1203 709 1264 tabeat
722 1205 823 1275 victos,
845 1202 937 1261 ducat
953 1199 1135 1258 Lauiniam:

89 1288 166 1367 quid
177 1291 281 1350 Latini
291 1291 304 1350 l
314 1293 442 1368 sedeant,
456 1308 636 1376 spectentque
648 1315 713 1353 rem
723 1293 815 1374 plane
828 1293 975 1372 tragicam
984 1301 1136 1366 tanquam

91 1396 106 1434 e
118 1375 240 1438 theatro
256 1380 380 1461 aliquo:
397 1404 454 1463 ego
469 1385 553 1442 enim
570 1381 645 1443 solus
659 1381 791 1466 refellam
804 1385 927 1454 crimen,
941 1399 1007 1438 non
1020 1373 1136 1447 verbis,

91 1479 124 1524 ut
136 1466 237 1526 refelli
252 1471 286 1528 in
299 1469 368 1532 loro
381 1472 481 1532 solent
494 1475 644 1546 crimina3
659 1473 711 1532 sed
718 1473 866 1555 firro,²ut
880 1471 913 1528 in
927 1465 1021 1527 bello.

131 1555 176 1612 18.
190 1553 265 1615 Ideo
277 1557 373 1618 sedato
385 1560 483 1632 corde,
497 1561 571 1642 quia
584 1557 622 1618 ad
637 1557 788 1620 sedandos
800 1558 896 1616 Turni
910 1558 1062 1635 impetus:
1076 1551 1135 1609 ita÷

92 1660 148 1719 que
162 1661 200 1701 eo
213 1645 344 1704 verbulo
360 1645 531 1706 includitur
546 1643 673 1706 habitus
686 1647 841 1728 sequentis
856 1643 1016 1703 orationis.

131 1749 175 1808 19.
196 1729 233 1788 ln
248 1731 374 1792 exordio
394 1736 535 1794 Turnum
554 1733 677 1809 laudat,
696 1747 726 1793 et
740 1731 841 1808 reddit
855 1731 1005 1791 sermonis
1025 1727 1072 1786 sui
1087 1745 1133 1782 ra-

93 1816 228 1877 tionem:
244 1819 313 1880 leus
327 1824 358 1880 in
373 1823 448 1898 illis,
459 1837 598 1906 praestans
609 1826 703 1882 animi
715 1848 723 1882 .·
737 1821 839 1882 reddit
849 1823 999 1881 rationem
1012 1817 1060 1876 sui
1076 1833 1134 1873 ser-

92 1907 205 1980 monis,
222 1929 321 1988 quum
333 1913 391 1986 ait,
403 1913 482 1972 velle
495 1933 526 1972 se
537 1913 708 1993 expendere
721 1931 814 1970 casus
826 1930 948 1984 omnes,
962 1904 1060 1987 utqui
1071 1919 1134 1960 me·

91 2006 154 2053 tuat
170 2009 202 2054 et
217 2013 339 2074 caveat,
356 2001 442 2083 quod
457 2003 593 2084 pertinet
605 2001 648 2061 'ad
665 2003 792 2062 senilem
806 2000 1025 2082 prudentiam:
1038 1992 1134 2073 idque

90 2103 123 2142 eo
136 2085 308 2166 impensius
321 2088 361 2149 ab
377 2111 409 2150 se
423 2091 647 2172 praestandum,
666 2111 729 2171 quo
744 2090 797 2148 ille
808 2089 941 2149 ferocius
957 2085 1053 2146 saevit.
1122 2117 1125 2124 ·

128 2192 174 2230 22.
188 2176 280 2235 Ratio
293 2181 410 2258 prima,
427 2201 487 2260 qua
498 2180 695 2260 argutissime
706 2191 798 2258 negat
808 2176 918 2234 illi-sua
929 2177 1049 2252 Regna,
1060 2167 1132 2248 quia

89 2257 151 2337 jam
162 2276 232 2322 sunt
243 2263 293 2324 tibi
306 2268 406 2348 Beqnu
417 2270 507 2348 patris
520 2269 641 2327 Dauni:
657 2264 770 2342 deinde
782 2277 851 2340 nint
861 2262 911 2324 tibi
923 2259 1017 2320 multa
1028 2253 1145 2336 oppida,

90 2365 174 2430 capta
185 2375 277 2414 mann
290 2369 340 2416 tna
351 2381 359 2414 :
372 2377 460 2437 ergo,
473 2359 499 2416 si
514 2369 641 2438 propter
650 2358 792 2435 Regnum
803 2354 848 2410 vis
860 2352 1027 2418 dimicare,
1038 2343 1133 2428 habes

91 2453 270 2518 paternum:
282 2447 305 2503 si
318 2461 446 2527 propter
455 2447 603 2526 gloriam,
615 2444 728 2504 multos
737 2445 850 2501 virtute
858 2436 1007 2520 superasti
1018 2457 1024 2492 :
1037 2433 1135 2511 sequi·

93 2541 153 2604 tur,
169 2553 285 2592 necnon
295 2555 472 2616 aurumque,
485 2537 657 2615 animusque
668 2533 773 2592 Latino
787 2543 846 2590 est.-
859 2547 928 2608 quae
942 2524 1037 2584 verba
1050 2520 1134 2579 varie

16 2691 17 2700 ἵ
90 2619 209 2681 Servius
222 2635 251 2682 et
265 2621 318 2681 alii
331 2624 494 2704 explicent.
507 2627 617 2683 Heereo
630 2622 777 2682 Turnebo
792 2621 834 2678 ite
847 2615 1028 2699 explicanti,
1041 2624 1077 2671 ut
1088 2608 1134 2668 di-

91 2725 138 2769 cat
150 2713 297 2771 Latinus:
313 2727 346 2772 ut
360 2714 419 2773 tibi
433 2729 506 2773 sunt
519 2717 626 2795 Regna
642 2713 686 2772 tui
703 2712 812 2792 patris,
828 2722 857 2768 et
872 2707 932 2767 alia
946 2701 1078 2786 oppida3
1093 2699 1135 2758 sic

16 2791 17 2860 ᾗ
91 2795 165 2856 mihi
179 2816 226 2858 est
237 2822 362 2879 aurum,
377 2816 407 2862 et
421 2805 562 2862 animus:
579 2803 667 2884 quasi
683 2801 785 2860 dicat:
802 2820 858 2857 nec
873 2811 908 2856 tu
922 2797 983 2868 inei
998 2791 1135 2869 indiges,

90 2908 144 2946 nec
154 2911 213 2969 ego
227 2893 290 2964 tui3
305 2913 369 2952 non
380 2907 453 2952 sunt
463 2894 641 2966 necessariae
651 2893 717 2949 istae
728 2890 860 2968 nuptiae,
872 2899 907 2944 ut
919 2899 954 2944 tu
966 2879 1045 2940 mihi
1056 2895 1134 2956 prae-

16 3043 17 3058 ]
92 2977 205 3036 sidium
219 2999 351 3058 quaeras,
365 3001 429 3040 non
444 2994 478 3039 ut
487 3002 545 3061 ego
557 2981 616 3040 tibi
628 3003 634 3036 z
649 2991 723 3037 sunt
733 2975 812 3034 milii
824 2993 896 3055 opes
907 2985 938 3030 et
951 2976 1135 3039 aururn5-est

92 3067 213 3126 animus
229 3066 268 3125 ad
281 3068 396 3128 tuenda
410 3090 478 3128 mea
492 3073 607 3149 Regna.

129 3154 178 3230 24.
193 3158 287 3216 Ratio
302 3157 416 3218 altera:
436 3159 482 3216 vis
494 3159 673 3232 Laviniam,
692 3155 741 3216 vel
755 3157 829 3236 quia
844 3149 945 3212 adhuc
960 3149 1065 3226 virg03
1087 3139 1136 3240 vel

92 3248 164 3328 quia
181 3267 217 3306 ex
234 3247 379 3328 Principe
395 3267 523 3328 genere:
546 3249 632 3328 atqui
647 3260 719 3306 sunt
731 3244 838 3304 multae
854 3240 922 3300 alite
935 3239 1063 3314 innuptae
1074 3251 1136 3288 vrr-

16 3357 17 3362 ’
92 3338 177 3415 gines
190 3337 224 3396 in
235 3350 301 3396 toto
314 3339 417 3412 Latio,
431 3351 461 3398 et
471 3336 574 3398 adhuc
586 3340 618 3396 in
630 3339 708 3419 apris
720 3330 924 3402 Laurentium
934 3340 977 3401 et,
988 3327 1014 3384 si
1024 3343 1089 3383 non
1100 3340 1137 3380 ex

92 3425 235 3506 Principe
248 3446 375 3505 genere,
387 3439 469 3486 certe
480 3445 541 3486 non
554 3425 707 3486 indecores.
722 3422 857 3501 Objiciet
869 3416 999 3498 aliquis:
1014 3408 1138 3492 uolehqt

92 3515 215 3574 Turnus
237 3515 377 3574 dotatam
398 3537 513 3596 regno:
534 3514 595 3574 hoc
612 3513 679 3596 jam
699 3513 868 3572 excluserat
888 3507 1046 3588 superiore
1065 3517 1138 3558 ora·

129 3695 169 3748 25.
191 3697 248 3748 Nec
266 3713 347 3766 penus
368 3697 503 3748 indecorem
524 3697 595 3764 Quia
640 3697 667 3746 in
681 3694 772 3764 aliqua
787 3691 903 3743 voluisse
919 3684 1002 3738 verba
1019 3697 1140 3753 prorum-

93 3776 140 3826 iste
149 3772 350 3844 petebatfiliam
358 3777 442 3846 regis:
456 3788 496 3826 est
506 3788 595 3827 eutem
640 3793 712 3846 pere.
723 3769 845 3822 -Huud
858 3765 951 3818 mollia
961 3765 1032 3836 fotu.
1045 3759 1076 3810 ld
1086 3771 1139 3820 est,

95 3855 210 3906 elocutio
227 3853 341 3925 figurata
358 3855 392 3908 de
408 3857 499 3908 Graeco
517 3849 595 3920 degi·
640 3871 716 3914 vera;
731 3871 795 3903 nam
807 3867 904 3920 aspera
914 3857 975 3898 sunt
987 3841 1069 3894 verba
1081 3856 1139 3908 que

92 3954 155 3998 Μ
166 3929 197 3986 'n'
206 3931 278 4001 llus·
287 3937 391 3988 -Sine
404 3957 445 3989 me
457 3937 518 3990 lina
537 3941 594 3989 Hoc
641 3940 700 3986 curn
709 3933 820 3984 veritate
831 3930 971 3981 dicuntur:
983 3920 1140 3979 lalsaeniin,

94 4013 152 4066 loco
174 4013 348 4086 intelligimus
364 4016 482 4069 Turnum
501 4015 595 4068 dolore
640 4014 721 4085 plena
733 4013 819 4066 solent
836 4028 892 4063 esse
909 4003 1054 4060 blanditiis.
1070 4001 1140 4051 Serv.
