2654 4590
225 271 231 288 ‘
261 291 302 356 n
590 283 973 355 oouunurtutt

260 410 393 474 ducebat
403 405 455 470 bic
465 411 582 492 raptim
595 411 694 470 aciem
704 408 855 492 juvenum
872 412 987 490 mille,
998 415 1052 495 qui
1069 413 1168 475 veluti
1186 416 1219 474 in
1242 414 1321 496 glo·

259 502 337 564 bum
349 522 449 562 unum
458 499 580 560 densati
586 523 594 575 ;
608 511 638 560 et
649 500 712 560 illis
721 499 882 562 horrentes
892 501 997 565 hastae.
1011 505 1069 564 Sed
1081 504 1168 565 unde
1180 521 1321 565 coactus

258 587 429 650 bicmilesi
448 585 488 646 ab
507 588 598 664 Pisis,
619 609 687 669 quae
702 590 776 649 urbs
792 591 849 650 sita
868 592 900 649 in
919 594 1061 668 Etruria,
1079 615 1179 673 quum
1198 608 1321 653 tamen

260 679 414 758 originem
426 674 553 736 duceret
566 696 582 734 a
595 676 672 734 Pisis
689 673 769 752 illis,
789 697 858 758 quae
871 675 958 758 juxta
976 679 1132 760 Alpheum
1144 680 1321 740 Arcadiae:

260 780 291 827 et
302 763 428 846 quidem
438 765 515 822 Pisae
525 763 703 824 Graecorum
716 766 759 824 sic
772 763 860 824 dictae
871 767 909 824 ab
923 767 1031 846 auriga
1043 765 1135 847 hujus
1147 769 1322 842 nominis,

259 853 348 934 cujus
363 851 407 910 ibi
420 850 482 910 fuit
495 849 681 933 sepulcrum.
699 850 801 912 Verbo
814 852 869 912 illo
880 875 981 934 parere
993 853 1072 912 nibil
1085 854 1173 914 aliud
1186 857 1322 936 capias,

260 961 353 1024 quam
367 940 450 998 Pisas
462 937 602 998 voluisse
617 961 708 999 suum
720 940 850 998 militem
864 939 1025 1001 subditum
1038 963 1099 1002 esse
1111 941 1228 1024 Asylae.

303 1031 366 1090 180.
381 1029 516 1106 Quartus
527 1029 632 1101 Astur,
647 1025 734 1108 cujus
744 1027 907 1109 multiplex
922 1028 1075 1110 elogium:
1089 1050 1163 1088 nam
1173 1027 1322 1110 pulcher·

259 1121 349 1180 rimus
355 1141 367 1191 ‚·
378 1137 451 1176 nam
462 1137 535 1197 equo
535 1115 634 1197 fidens
640 1162 650 1190 ,
664 1115 696 1175 id
709 1129 771 1190 est,
787 1137 878 1197 eques
892 1118 1028 1198 optimus
1040 1131 1070 1176 et
1081 1118 1145 1197 peri
1152 1117 1320 1192 tissimus,

257 1229 332 1270 nam
344 1208 433 1266 armis
443 1203 673 1280 versicoloribus,
692 1205 798 1280 idest,
816 1208 917 1288 pictis.
938 1206 1092 1266 Conilavit
1104 1204 1157 1265 hic
1172 1204 1321 1264 militem

258 1299 297 1357 ab
314 1295 391 1356 locis
406 1293 530 1368 multis;
549 1295 693 1356 videlicet
709 1295 747 1354 ab
765 1297 947 1368 Caeretanis3
967 1296 1006 1354 ab
1023 1294 1134 1356 accolis
1151 1295 1317 1354 Minionis

257 1385 363 1460 flurii3
384 1384 422 1444 ab
440 1385 566 1466 Pyrgis3
588 1385 626 1444 ab
644 1386 818 1444 Graviscis:
846 1387 911 1445 istae
933 1386 1017 1444 enim
1038 1384 1130 1445 urbes
1151 1397 1318 1442 trecentos

254 1473 385 1556 juvenes
407 1472 589 1554 adjecerunt
609 1476 760 1556 superiori
784 1475 915 1534 aliarum
937 1473 1062 1536 urbium
1086 1473 1315 1547 multitudini,

258 1564 398 1624 addictos
412 1575 443 1624 et
455 1563 552 1623 veluti
569 1578 673 1624 mente
689 1586 752 1625 una
766 1564 805 1623 ad
820 1564 852 1624 id
871 1563 989 1624 bellum
1009 1566 1244 1645 conspirantes
1266 1564 1314 1622 Dc

257 1652 417 1714 attributis
436 1655 611 1734 Pyrgorum
636 1667 667 1713 et
686 1654 925 1729 Graviscarum,
945 1655 1016 1715 vide
1037 1653 1120 1714 infra
1142 1665 1257 1728 notas,
1282 1665 1314 1713 et

258 1740 321 1802 vol.
334 1741 387 1814 lv,
401 1760 472 1820 pag.
490 1759 555 1819 ¹9²·

296 1930 353 2000 176.
372 1929 459 1981 ltere.
480 1931 560 1983 utra
579 1944 642 1983 sunt
657 1934 755 2002 jecoris
801 1953 864 1986 num
876 1933 1059 2004 interreliqua
1071 1930 1190 1984 calestia
1206 1929 1249 1980 ibi
1262 1946 1312 1978 nu-

259 2010 444 2063 extremitates.
453 2009 523 2061 Seru.
533 2039 566 2052 --
577 2011 623 2062 Cui
627 2011 756 2082 pecudum
801 2011 1094 2083 metatur-Pratum,
1103 2010 1198 2060 lutura
1205 2007 1311 2059 denun-

251 2088 340 2162 fibroe,
366 2099 413 2140 etc.
439 2086 486 2138 His
508 2087 613 2142 duobus
636 2089 756 2141 versibus
802 2094 901 2159 tiantis,
910 2092 1017 2159 ut‚«De
1027 2089 1091 2140 caelo
1101 2083 1188 2140 taclas
1196 2087 1308 2138 memini

258 2171 399 2220 maximam
413 2179 516 2236 partem
527 2169 619 2238 posuit
631 2169 758 2238 aruspici·
802 2172 946 2241 predicere
962 2187 1107 2243 quercus.»
1129 2167 1184 2219 Alii
1196 2186 1256 2218 non
1269 2168 1309 2237 ip-

258 2267 298 2302 nae
316 2260 343 2299 et
359 2258 512 2316 auguratus.
532 2247 625 2298 Dicam
642 2246 759 2298 breviter
803 2257 861 2301 suni
877 2251 979 2302 fulmen
990 2265 1140 2321 praesagum
1152 2248 1307 2317 accipiunt,

258 2329 293 2382 de
310 2327 420 2400 singulis
436 2328 463 2378 in
477 2327 528 2379 hac
546 2339 619 2380 nota.
640 2326 758 2380 Pendere
803 2330 851 2380 sed
862 2347 908 2381 eos
919 2345 1067 2401 praesagus,
1079 2328 1126 2398 qui
1138 2326 1204 2379 inde
1215 2329 1307 2378 futura

258 2428 328 2480 saepe
342 2409 400 2460 fata
410 2425 427 2459 a
440 2405 514 2459 libris
524 2410 588 2459 satis
600 2407 702 2459 indicat
713 2407 759 2458 Ti·
802 2407 959 2478 predicunt⁴

257 2489 360 2553 bullus,
374 2506 390 2540 a
402 2505 455 2558 quo
465 2487 538 2559 Eleg.
552 2490 589 2553 ll,
603 2485 707 2559 r,fil›ra
719 2486 758 2538 di·
841 2485 898 2551 184.
916 2479 998 2557 Pyryt'
1010 2495 1109 2536 acures.
1122 2485 1255 2537 Fortasse
1267 2504 1306 2536 ve-

258 2571 327 2620 citur
336 2566 429 2616 nuntia
437 2567 568 2631 Deorum,
579 2579 605 2617 et
614 2566 686 2636 Eleg.
697 2567 720 2632 l,
731 2583 757 2637 9,
803 2575 864 2616 teres
875 2564 957 2636 Pyrqi
970 2561 1104 2627 Thuscitc,
1117 2564 1183 2632 quia
1194 2563 1234 2615 ab
1244 2565 1307 2615 anti·

257 2646 358 2698 conscia
371 2644 496 2695 Deorum.
512 2643 633 2696 Secundo
646 2645 707 2696 loco
720 2648 757 2698 ait
803 2645 862 2714 quis
880 2642 972 2713 Pyrqit
985 2641 1105 2693 Graeciae:
1124 2660 1189 2692 nam
1206 2645 1306 2715 Pyrqos

203 2727 205 2732 '
258 2724 347 2776 sidera
359 2720 466 2772 subdita
475 2739 532 2773 esse
542 2721 605 2774 lruio
615 2725 755 2793 potestati,
803 2741 910 2795 quoque
928 2725 956 2772 in
975 2721 1076 2772 Graecia
1091 2720 1189 2773 Strabo
1209 2724 1306 2775 consti-

259 2823 291 2858 ac
313 2799 426 2874 proinde
450 2800 542 2852 caelum
565 2805 660 2872 ipsum.
691 2803 755 2855 ldeo
801 2802 1020 2865 tuitlib.Vlll‚et
1029 2799 1157 2852 credibile
1165 2801 1233 2854 inde
1244 2803 1305 2852 duc·

260 2882 620 2953 ·sideraparentn‚utquae
628 2882 757 2953 pronuad
801 2895 855 2934 tarn
874 2880 1016 2932 coloniam.
1040 2878 1165 2930 Ceterum
1190 2880 1259 2934 Cato
1277 2883 1302 2932 in

258 2959 446 3016 obediendum.
460 2961 755 3034 Contemnobicnugas
800 2964 950 3032 Fragment.
982 2959 1122 3030 Originum
1156 2971 1302 3030 utrumque

256 3044 341 3098 Servii
358 3039 391 3092 de
404 3039 486 3096 verlro
503 3059 581 3112 pareo
587 3063 596 3102 ,-
613 3054 639 3092 et
656 3043 755 3112 arripio
801 3041 881 3092 etiam
899 3057 997 3090 nomen
1014 3038 1164 3107 conjunxit;
1186 3041 1299 3111 Pyrum,

256 3137 349 3176 notam
360 3119 459 3171 Laevini
471 3121 602 3171 monentis
617 3123 644 3171 in
661 3119 755 3172 Sueto·
803 3119 955 3170 «Graviscae
965 3117 1000 3169 ab
1011 3136 1071 3170 uere
1083 3115 1188 3169 dictum
1199 3143 1228 3184 n,
1240 3130 1300 3169 utet

256 3199 517 3266 nium,hocverbum
527 3218 656 3271 augurum
664 3217 721 3252 esse
729 3214 756 3252 et
800 3199 866 3250 Plin.
879 3201 928 3263 lll,
946 3197 977 3250 5:
1001 3197 1168 3263 «Graviscae,
1187 3212 1300 3250 castrum

258 3282 423 3349 aruspicum,
445 3278 517 3347 quod
534 3279 649 3330 Petronii
665 3291 692 3329 et
709 3279 756 3330 Ul·
800 3297 910 3340 novum3
921 3276 1172 3350 Pyrgi,Caeretanus
1184 3281 1297 3330 amnis.»

257 3359 331 3432 plani
340 3357 497 3407 auctoritate
510 3357 656 3408 confirmat.
665 3358 754 3408 Tertio
780 3347 783 3352 ¹
800 3356 842 3408 Sic
852 3357 923 3409 Mela
935 3358 971 3420 ll,
985 3356 1010 3422 4
1023 3355 1109 3408 cerda.
1118 3356 1300 3426 -Intempes

258 3437 368 3493 adhibet
390 3433 512 3504 alinguas
534 3437 671 3490 volucrum
682 3461 708 3504 n,
725 3451 755 3490 ut
800 3447 881 3509 tuque
897 3437 1030 3488 Graviscoe.
1045 3435 1241 3488 Graviscanum
1254 3454 1297 3505 op·

259 3531 285 3571 et
300 3518 358 3568 AEn.
376 3513 424 3577 lll,
441 3512 506 3582 3593
526 3517 590 3568 Stat.
607 3516 691 3568 Theb.
704 3518 753 3584 Ill,
799 3515 911 3588 pidum,
935 3514 980 3567 alii
1003 3515 1184 3585 intempestum
1210 3516 1296 3567 dicunt

258 3589 661 3649 taliatusvoluerummOvid.
674 3597 752 3647 Trist.
798 3598 883 3648 ventis
905 3608 931 3647 et
957 3593 1160 3666 tempestatibus
1185 3613 1294 3648 careus:

216 3711 218 3718 ,
258 3677 325 3742 1‚8.:
340 3673 754 3746 «Linguaveserratae,penuave
799 3675 873 3746 quod
886 3673 960 3727 nulla
976 3687 1065 3746 potest
1076 3676 1182 3727 ratione
1199 3675 1294 3727 contin·

258 3754 324 3805 dixit
336 3752 422 3802 uvis.»
446 3749 561 3818 Quarto,
582 3755 676 3825 signes
689 3773 754 3826 prte—
798 3774 868 3827 gere.
890 3756 1057 3826 Intempestas
1077 3771 1141 3826 ergo
1167 3755 1294 3806 Grauiscas

258 3834 315 3904 sagi
327 3830 443 3882 fulminis
455 3853 483 3880 n:
500 3831 572 3900 quod
582 3831 695 3884 fortasse
707 3825 753 3885 ac'·
798 3835 958 3904 accipiamus
976 3834 1144 3904 pestilentes,
1162 3847 1191 3886 et
1207 3851 1292 3886 secun‘

259 3910 411 3982 cipieudum
422 3913 458 3963 ait
471 3911 559 3964 Germ.
576 3924 606 3963 ut
623 3909 673 3966 Διᾶς
684 3909 753 3970 ritate
798 3912 861 3965 dum
873 3913 986 3984 Plinium
998 3915 1026 3965 in
1040 3912 1157 3966 naturali
1171 3912 1292 3975 historia,

259 3990 332 4063 apud
342 3990 457 4062 Sophoc.
469 3994 497 4044 in
511 3991 604 4044 Colon.
618 3991 690 4062 quod
702 3994 753 4065 sig·
797 4005 823 4046 et
836 3992 964 4046 Catonem
980 3995 1008 4045 in
1024 3992 1196 4065 Originibus,
1214 4009 1241 4046 ut
1256 3993 1293 4043 in·
