2726 4592
230 258 348 322 VITA
371 259 406 321 P.
430 257 659 322 VIRGILII
682 257 922 326 MARONIS.

1030 287 1088 352 29¹

55 391 121 430 sam
133 373 251 435 ferunt.
264 378 340 437 Sunt
353 379 451 453 enim,
469 379 521 459 qui
537 402 553 438 a
568 379 809 439 Lacedaemoniis
830 384 1003 464 pastoribus
1022 389 1094 446 Dia·

54 481 102 520 nae
117 465 258 544 primum
275 489 396 526 carmen
412 465 473 527 hoc
488 467 641 527 redditum
657 469 775 544 dicant,
790 492 886 550 quum
902 473 999 532 eidem
1014 475 1094 553 deae,

58 568 190 634 propter
200 555 336 631 bellum,
352 557 435 638 quod
452 559 508 616 toti
524 558 648 618 Graeciae
662 559 715 618 illo
732 553 868 639 tempore
881 563 978 622 Persae
990 565 1097 627 iniere

56 638 148 715 bant,
163 642 300 704 exbiberi
312 665 366 726 per
378 647 510 726 virgines
521 645 559 704 de
571 666 657 705 more
669 667 752 705 sacra
766 668 830 706 non
844 664 974 727 possent.
987 651 1045 710 Alii
1056 655 1094 712 ab
1132 652 1165 706 85

58 729 182 806 Oreste,
195 737 276 792 circa
289 734 426 794 Siciliam
445 755 542 814 vagu,
560 733 591 792 id
606 757 703 815 genus
719 737 863 794 carminis
876 739 982 797 Dianas
995 741 1097 800 reddi·

60 829 125 874 tum
148 817 322 900 loquuntur
341 842 397 908 per
415 823 516 904 ipsum
536 837 626 904 atque
647 836 800 903 pastores:
818 845 879 902 quo
902 839 1040 906 tempore
1060 827 1098 887 de

59 903 183 984 Scythia
198 929 267 966 curn
284 908 397 990 Pylade
411 909 546 988 fugerat,
566 923 707 990 surrepto
722 912 859 968 numinis
876 911 1055 988 simulacro,
1068 929 1097 974 et

60 993 161 1053 celato
171 997 203 1054 in
216 997 296 1058 fasce
310 998 483 1078 lignorum3
497 998 579 1058 unde
587 1000 610 1056 F
613 997 776 1060 ascelidem
790 999 922 1056 Dianam
934 1000 1098 1080 perhibent

58 1178 321 1250 disputatiunculam.
338 1184 412 1238 Nihil
427 1189 454 1237 in
469 1189 555 1237 omni-

58 1259 106 1311 bus
119 1261 174 1327 his,
186 1283 243 1334 quae
257 1278 401 1317 memorata
413 1279 487 1330 sunt,
503 1279 555 1329 est,

57 1341 85 1390 in
98 1359 151 1410 quo
164 1346 334 1412 acquiescere
344 1346 439 1414 possis.
452 1348 512 1395 Non
523 1347 557 1394 vi·

58 1420 120 1472 dent
128 1421 248 1473 homines
257 1423 338 1486 docti,
350 1423 422 1473 aliud
433 1441 489 1474 esse
500 1441 557 1473 car-

58 1519 118 1550 men
134 1500 287 1552 bucolicum
302 1514 357 1553 arte
375 1502 555 1566 elaboratum,

58 1579 130 1630 aliud
142 1579 209 1631 rude
221 1593 248 1631 et
262 1581 414 1646 indoctum,
427 1582 500 1652 quod
511 1583 557 1632 im·

601 1207 667 1258 que:
683 1186 737 1240 vid.
755 1189 947 1239 Grammaticus
964 1189 990 1238 in
1008 1191 1096 1244 fronte

600 1266 748 1318 Theocriti:
760 1269 886 1320 Seruiana
896 1285 936 1334 pr.
949 1267 1097 1320 Bucolicor.

600 1346 693 1395 Isidor.
702 1345 791 1416 Origg.
800 1349 820 1411 I,
831 1364 889 1413 cap.
900 1345 932 1395 38
941 1365 947 1394 :
956 1345 1098 1399 Diomedes

601 1422 647 1472 lib.
662 1425 710 1487 111,
722 1443 749 1492 p.
761 1423 825 1488 483,
836 1422 941 1473 Putsch.
955 1426 1055 1477 Probus
1065 1419 1098 1478 de

600 1501 715 1552 bucolici
723 1503 847 1553 carminis
856 1503 967 1565 ratione,
975 1503 1098 1572 prelixus

601 1578 662 1631 edd.
680 1581 827 1644 nonnullis,
844 1594 873 1631 ut
890 1581 967 1631 Basil.
985 1584 1098 1636 Henric·

58 1671 134 1728 petus
142 1659 400 1724 animi,exsultatio,
409 1673 435 1712 et
443 1663 555 1712 affectus
598 1672 667 1730 petr.
682 1659 759 1729 1575,
773 1660 861 1729 inquo
871 1660 953 1711 multa
963 1665 1098 1732 copiosius

58 1752 155 1790 temere
168 1737 293 1790 effundit.
306 1739 480 1791 Confundunt
496 1759 557 1809 por-

59 1837 88 1868 ro
98 1819 209 1889 hymnos
221 1820 247 1868 in
259 1818 323 1870 deos
336 1833 465 1891 agrestes,
477 1834 502 1872 et
514 1838 558 1871 sa-

59 1918 101 1950 cra
115 1917 210 1950 eorum
227 1914 253 1951 et
268 1900 380 1952 fabulas.
399 1900 499 1954 Eadem
518 1914 558 1952 ta-

58 1997 131 2042 men,
148 1997 206 2048 quse
218 1978 261 2030 hic
273 1993 465 2045 memorantur,
481 2000 558 2052 repe·

57 2060 109 2109 rias
124 2061 150 2108 in
166 2059 252 2128 princ.
266 2057 411 2110 Comment.
427 2060 525 2125 Servii,
543 2079 556 2111 e

59 2137 154 2206 quibus
165 2136 290 2187 videntur
297 2136 349 2188 huc
357 2138 425 2202 male
434 2152 559 2190 revocata

59 2235 127 2266 esse:
139 2228 202 2266 sunt
211 2229 297 2268 autem
306 2217 434 2288 pleraque
443 2239 456 2270 e
465 2219 557 2270 Graeco

59 2295 239 2346 Grammatico
247 2299 437 2366 conversa,qui
446 2297 479 2348 ab
488 2298 558 2348 Aldi-

58 2374 411 2447 naindepraefigiTheocrito
419 2377 558 2444 soletempl

57 2456 110 2514 τοῦ,
122 2457 171 2506 ποῦ
182 2453 221 2506 ul
233 2457 283 2510 παῖς
292 2452 366 2523 stipidn
379 2457 413 2507 ‘rit
424 2453 556 2510 scauuini.

92 2535 116 2584 A
121 2534 323 2586 Lacedaemoniis
325 2536 476 2606 pastoribus.
485 2536 561 2588 Bello·

59 2616 172 2680 Persico,
179 2613 458 2684 quumfestumDianae
464 2615 560 2686 Carya·

60 2693 121 2744 tidis
133 2695 260 2756 instaret,
277 2696 352 2762 cujus
364 2695 456 2744 fanum
469 2697 496 2745 in
508 2695 559 2746 La-

60 2776 218 2836 coniaerat,
235 2774 263 2822 iu
281 2790 334 2842 quo
353 2773 466 2843 virgines
478 2773 559 2825 Lace·

59 2853 251 2906 demoniorum
272 2854 480 2904 anniversarium
504 2855 559 2904 fes-

60 2947 116 2984 tum
137 2933 267 3003 agebant,
282 2945 308 2983 et
324 2951 355 2986 ex
375 2951 448 2984 more
471 2935 558 3002 patrio

60 3011 156 3064 choros
173 3012 361 3076 instituebant,
376 3011 430 3062 vid.
445 3013 558 3064 Pausan.

60 3094 109 3156 111,
123 3107 170 3153 103
180 3091 252 3142 bello
263 3093 353 3161 itaque
361 3091 477 3154 Persico,
487 3090 560 3160 quod

59 3169 159 3221 Xerxes
167 3170 273 3222 Graeciae
281 3171 378 3235 intulit,
391 3189 471 3240 quum
480 3189 561 3240 prop·

60 3250 225 3302 terbostium
234 3264 332 3302 metum
340 3251 433 3321 puellae
441 3249 562 3302 Lacedae-

60 3347 141 3380 mone
154 3329 246 3399 egredi
257 3349 310 3380 uon
321 3329 462 3396 auderent,
474 3344 562 3401 pasto·

59 3427 103 3480 res
119 3409 246 3460 Laconici
265 3410 321 3479 agri
336 3427 413 3462 sacra
429 3411 523 3460 fecisse
537 3421 563 3460 et

61 3487 178 3538 Dianam
186 3489 240 3542 suis
248 3489 409 3542 carminibus
415 3489 562 3540 celebrasse

60 3578 257 3628 memorantur,
276 3585 332 3637 qua
349 3567 467 3618 carmina
481 3585 563 3636 quum

60 3645 178 3716 probata
194 3647 322 3711 fuissent,
345 3646 377 3698 ab
395 3665 426 3698 eo
443 3659 563 3716 tempore

62 3743 165 3776 morem
177 3723 274 3776 horum
285 3726 431 3776 carminum
443 3741 499 3776 esse
509 3742 565 3776 ser·

61 3816 162 3855 ratum.
180 3805 256 3868 Haec,
273 3807 323 3856 etsi
338 3806 382 3856 vix
395 3804 485 3857 videas
498 3823 565 3874 quo·

63 3882 146 3936 modo
157 3881 221 3934 inde
229 3882 346 3936 bucolici
353 3885 477 3936 carminis
490 3885 565 3953 origo

63 3963 149 4033 repeti
166 3962 268 4033 possit,
282 3965 385 4033 jactata
399 3961 490 4015 videas
507 3963 566 4015 ubi-

601 1741 721 1809 exposita
733 1751 794 1790 sunt
808 1761 813 1788 :
827 1741 915 1790 Veter.
929 1739 1097 1796 Grammatic.

601 1819 806 1888 Apospastnatia
816 1819 851 1870 ad
861 1817 961 1870 calcem
971 1821 1054 1874 lllallii
1065 1823 1099 1874 ab

602 1898 766 1970 Heusingero
779 1897 850 1949 edita
863 1917 890 1968 p.
906 1899 954 1968 93,
967 1901 1009 1968 94.

637 1978 658 2048 §.
671 1978 711 2030 85.
723 1979 762 2030 Ab
774 1980 864 2031 Oreste.
876 1981 905 2030 ln
916 1980 1019 2046 Sicilia,
1030 1985 1100 2036 inter

601 2057 684 2130 Mylas
695 2071 719 2108 et
734 2058 915 2123 Naulochum,
929 2077 981 2110 non
996 2061 1074 2134 longe
1085 2083 1101 2116 a

601 2139 786 2208 promontorio
794 2137 1032 2208 Pelor0,tcmplum
1041 2143 1102 2194 Dia.

602 2235 641 2266 nae
656 2215 784 2266 Facelinoe
800 2218 854 2266 sive
871 2217 1030 2283 Facelitidis,
1044 2223 1099 2288 'Ap-

601 2293 691 2360 oripodcc
704 2295 862 2359 postulandae,
882 2307 951 2356 erat;
972 2301 1045 2366 cujus
1058 2317 1100 2356 33-

603 2394 678 2427 crum
696 2393 727 2424 ac
746 2392 843 2424 nomen
863 2393 878 2423 a
894 2375 1100 2429 Lacedaemoniis

602 2455 714 2524 petitum
727 2465 795 2514 erat,
815 2470 837 2501 v.
856 2455 967 2503 Pausan.
983 2455 1032 2519 lll,
1055 2452 1100 2520 16,

603 2553 630 2603 p.
641 2532 703 2600 249;
716 2549 796 2600 quum
808 2543 893 2581 autem
905 2530 932 2580 bi
943 2533 1070 2602 originem
1085 2553 1102 2586 a

603 2609 1103 2680 Dianae'l'auricaesimulacroperOres·

603 2705 656 2744 tem
669 2690 809 2760 deportato
823 2703 986 2760 repeterent,
1003 2692 1100 2745 fabulae

603 2771 712 2823 licentia
744 2767 839 2820 deinde
868 2789 969 2825 errores
996 2771 1100 2844 aliquos

603 2851 704 2902 Orestis
721 2849 792 2910 circa
808 2847 922 2898 Siciliam
936 2853 1103 2904 comminisci

603 2941 754 3000 coeperunt,
767 2927 838 2978 unde
850 2927 923 2978 fluxit
935 2932 1053 2980 narratio
1067 2931 1100 2982 de

603 3010 720 3062 bucolici
732 3009 856 3060 carminis
867 3009 981 3078 origine,
1000 3027 1057 3077 qnae
1072 3011 1100 3061 h.

603 3091 621 3142 l.
632 3091 736 3161 legitur.
757 3090 795 3140 De
806 3089 892 3138 Diana
907 3087 1067 3140 Plracelitide
1079 3109 1100 3142 s.

604 3169 755 3233 Facelitide,
767 3185 821 3220 non
834 3185 896 3218 vcro
907 3165 1047 3233 Fascclide,
1061 3173 1104 3242 rsi-

605 3247 701 3299 dentur
721 3248 840 3318 inprimis
862 3245 998 3298 Cluverius
1016 3249 1043 3297 in
1062 3249 1105 3300 si-

606 3329 649 3380 cil.
663 3341 716 3379 ant.
727 3348 787 3399 pag.
801 3327 853 3392 304
867 3344 924 3395 sqq.
943 3323 1102 3384 Munclrerus
1127 3322 1129 3324 ¹

608 3407 643 3458 ad
661 3409 755 3477 Hygia.
776 3405 830 3455 fab.
850 3403 958 3456 CCLXl.
976 3406 1102 3464 Antonin.

607 3485 664 3538 Lib.
682 3502 722 3555 27.
738 3481 814 3534 Adde
829 3483 942 3536 Probum
958 3504 1039 3557 supra
1051 3495 1107 3544 meu

607 3577 754 3627 moratum,
763 3563 907 3614 Grammat.
917 3555 1075 3622 Theocriti.
1084 3570 1104 3622 Ι.

608 3643 695 3696 Schol.
716 3644 807 3694 Horat.
828 3643 926 3714 Cruqu.
944 3649 955 3698 Ι
971 3648 1057 3702 Carm.
1075 3667 1103 3720 7,
1131 3679 1134 3684 ι

612 3741 650 3776 10.
661 3724 749 3793 Intpp.
764 3723 797 3773 ad
808 3723 914 3774 Vibium
925 3745 951 3794 p.
967 3730 975 3777 i
983 3745 1024 3795 70.
1037 3729 1105 3781 Tm.

609 3801 690 3854 ducta
698 3819 804 3872 quoque
813 3802 951 3854 estfabula
959 3806 984 3854 in
994 3807 1104 3870 ltaliam;

609 3901 671 3934 nam
683 3895 709 3934 et
720 3882 814 3932 Ariciae
828 3884 879 3934 tuit
888 3883 977 3934 Iliunae
986 3884 1106 3938 Tauricae

609 3959 693 4032 βρέτας
703 3960 802 4038 ιιὸοΙὶη.
812 3982 871 4036 cap.
881 3983 911 4032 2,
922 3983 949 4033 p.
962 3964 991 4014 13
1000 3966 1032 4026 C;
1042 3965 1103 4018 add.

916 4068 954 4120 19.
