2742 4596
223 323 287 418 398
578 297 909 376 TESTIMONIA

222 459 340 520 Fretus
351 445 532 511 amicorum
544 435 665 522 clipeo,
679 455 782 522 quum
794 453 889 520 poene
901 429 1046 494 nefando

223 567 311 630 Ense
324 555 419 646 perit.
432 545 520 634 Quid
532 545 646 610 dextra
658 541 758 606 furis?
769 530 851 630 quid
863 539 987 604 viscera
999 541 1113 604 nome

224 666 386 750 Sacrilego
399 670 556 722 mucrone
569 649 674 737 petis?
684 661 739 711 tua
752 645 840 710 belia
852 645 973 709 tacebit

224 772 415 846 Posterius,
427 766 603 854 ipsumque
617 757 751 834 ducem,
764 755 826 818 nisi
839 755 974 818 Mantua
987 752 1083 818 dicat.

225 884 300 947 Non
312 877 387 942 tulit
397 874 482 938 hanc
493 867 619 932 rabiem
631 862 819 928 doctissima
830 860 927 925 turba
938 875 1124 947 potentum.

129 1071 132 1077 s
225 991 297 1052 Itur
307 981 349 1048 ad
362 992 529 1044 auctorem
540 987 671 1036 rerum:
686 965 766 1055 quid
779 967 918 1030 Martius
930 965 1049 1029 horror

225 1094 351 1184 Egerit,
364 1084 558 1160 ostendent;
572 1076 652 1168 quid
665 1087 744 1141 tunc
755 1073 941 1166 miseranda
953 1075 1091 1138 tulisset.

225 1197 360 1266 Caesaris
371 1193 426 1257 hic
438 1184 567 1278 placide
580 1197 663 1246 nutu
675 1187 873 1266 repetuntur
883 1178 990 1266 agelli.

226 1307 286 1372 rtis
299 1317 412 1368 auctus
425 1292 548 1361 meritis
562 1311 638 1353 cum
651 1286 749 1374 digna
759 1283 945 1374 rependere
957 1283 1070 1364 vellet,

226 1412 357 1480 Invenit
369 1425 514 1480 carmen,
529 1413 596 1488 qun
608 1411 746 1459 munera
758 1395 891 1459 vincere
903 1409 1025 1481 posset.

227 1519 353 1589 Praedia
365 1515 420 1580 dat
432 1515 552 1589 Gaesar3
567 1525 709 1595 quorum
720 1503 829 1567 brevis
842 1519 921 1566 usus
933 1498 1080 1564 habendi
1093 1523 1099 1562 :

226 1627 354 1696 Obtulit
365 1622 419 1686 hic
431 1615 560 1694 laudes,
574 1633 655 1703 ques
668 1609 786 1674 saecula
797 1607 888 1672 nulla
901 1607 1062 1671 silescant.

271 1740 419 1800 Pastores
432 1724 551 1792 cecinit
562 1721 696 1808 primos.
711 1719 784 1782 Hoc
796 1716 940 1780 carmine
951 1709 1075 1779 Consul

227 1844 332 1911 Pollio
343 1835 512 1910 laudatur,
525 1845 576 1894 ter
588 1851 622 1892 se
635 1823 865 1891 reverentibus
877 1825 970 1906 annis

227 1947 429 2037 Composito.
443 1943 520 2006 Post
531 1929 603 2002 haec
615 1937 698 2002 ruris
710 1947 877 2024 praccepta
889 1931 1020 1997 colendi

227 2063 377 2144 Quatnor
389 2045 540 2138 exposuit
550 2041 657 2125 libris,
672 2060 705 2108 et
719 2039 893 2108 commoda
906 2053 1001 2105 terrae

228 2161 384 2238 Edocuit‚
398 2152 535 2246 geminis
546 2171 635 2217 anno
648 2151 757 2216 minus
771 2151 880 2214 omnia
891 2147 1011 2211 lustris.

230 2266 313 2335 Inde
325 2261 522 2330 cothurnato
533 2252 741 2321 Teucrorum
754 2251 867 2344 praelia
879 2267 977 2317 versu

228 2375 272 2439 Et
283 2369 443 2437 Rutuldm
455 2365 572 2429 tonuit.
587 2357 720 2427 Bissena
732 2360 901 2424 volumina
912 2372 1004 2423 sacro

228 2479 395 2555 Formavit
408 2473 528 2539 donata
540 2472 631 2551 duci,
646 2467 814 2534 trieteride
828 2475 952 2556 quarta.

273 2587 337 2654 Sed
348 2585 432 2660 loca,
447 2603 521 2671 quae
532 2579 622 2664 vulgi
634 2575 830 2641 memoravit
842 2568 960 2638 tradita
970 2571 1059 2634 ferna

230 2691 381 2785 AEquoris
395 2706 428 2753 et
439 2703 550 2765 terrae,
564 2687 676 2750 statuit
687 2695 880 2772 percurrere
893 2693 998 2758 tates,
1149 2665 1150 2670 ἵ

229 2802 359 2868 Certius
371 2813 408 2861 ut
419 2794 510 2859 libris
523 2793 620 2858 uculo
633 2793 776 2858 dictante
789 2799 928 2856 notaret.

228 2908 381 2998 Pergitnr
392 2929 398 2968 :
411 2919 449 2968 ut
460 2901 613 2968 Calabros
625 2901 747 2988 tetigit,
759 2897 863 2964 livere
876 2895 1011 2962 nocenti

229 3003 418 3073 Parcarum,
430 2992 610 3056 vehemens
622 2991 746 3053 iuravit
756 2999 897 3075 corpora
908 2981 1055 3048 morbus.

231 3107 294 3170 Hic
305 3103 363 3166 ubi
374 3101 563 3188 languores,
575 3111 610 3160 et
622 3096 688 3160 fata
699 3095 859 3159 minantia
870 3093 990 3158 sensit:

268 3228 396 3306 (Cetera
409 3221 536 3284 deerant
548 3223 581 3280 in
596 3219 794 3303 exemplari.)

728 3373 776 3434 11.

409 3521 461 3585 De
472 3513 615 3612 eperibru'
630 3522 814 3610 Viryt'licnia
827 3524 959 3584 incarnis
972 3526 1089 3579 auctor.

231 3681 411 3750 Maeonium
422 3683 571 3772 quisquis
584 3683 750 3747 Romanus
763 3683 868 3746 nescit
876 3681 1079 3754 Homerum,

273 3790 332 3852 Me
343 3787 443 3875 legat,
456 3804 489 3852 et
500 3788 748 3854 lectumcredat
761 3806 940 3874 utrumque
953 3785 1025 3848 eibi.

264 3957 308 4010 88.
325 3957 393 4026 Quid
403 3959 617 4010 Martiushomr
625 3959 727 4031 Eyerit,
774 3957 853 4020 iisset,
878 3955 980 4006 Coesaris
998 3952 1062 4002 huic
1080 3947 1187 4022 placido
1208 3954 1275 3996 nunc

232 4037 382 4102 ostendunt;
395 4041 441 4115 qui
452 4049 513 4090 tnnc
529 4039 673 4092 miserenda
685 4049 728 4089 tar-
774 4043 957 4106 rapetuutar'a.
971 4029 1073 4082 Tettius
1086 4041 1112 4080 et
1123 4027 1260 4078 Francius.
