2726 4592
118 337 181 454 r.
227 329 632 480 vineunt
675 253 1098 464 Mlucius.

467 627 469 632 ’
517 617 697 734 VITA,

293 871 574 978 tunsone
602 901 649 978 c.
679 903 926 982 teucro.

515 1173 700 1198 mutuum

84 1343 128 1429 N
130 1387 205 1428 arus
217 1379 263 1427 est
278 1370 312 1427 P.
328 1367 478 1449 Virgilius
491 1370 596 1445 Maro,
617 1389 702 1429 anno
717 1371 753 1429 U.
769 1366 892 1444 (1.684,
910 1368 967 1429 Cn.
980 1371 1135 1454 Pompeio
1238 1376 1242 1384 '

83 1459 217 1540 Magno,
228 1471 259 1518 et
270 1459 313 1520 Μ.
323 1459 446 1519 Licinio
456 1459 565 1521 Grasso
576 1459 662 1520 Coss.
676 1458 783 1520 Idibus
792 1458 905 1520 Octob.
918 1460 952 1519 in
965 1481 1063 1542 pago,
1078 1464 1133 1544 qui

81 1549 184 1610 Annus
198 1548 371 1609 vocabatur
381 1547 493 1628 (hodie
504 1547 651 1629 Pietoia),
668 1569 687 1608 a
699 1550 829 1610 Mantua
843 1570 908 1609 non
920 1549 1046 1630 procul,
1064 1545 1132 1634 sep-

84 1651 147 1698 tem
166 1637 232 1702 lere
253 1639 344 1698 annis
363 1651 435 1698 ante
450 1640 634 1716 Octavium,
653 1641 708 1722 qui
728 1653 838 1722 postea
858 1639 962 1699 Caesar
978 1639 1134 1721 Augustus

82 1727 183 1788 dictus
199 1742 254 1788 est.
272 1730 397 1788 Patrem
413 1727 525 1788 habuit
540 1730 669 1790 fortuna
686 1732 789 1804 tenui,
808 1751 900 1810 quern
917 1727 971 1789 alii
985 1727 1134 1812 figulum,

82 1814 141 1875 alii
149 1819 256 1900 primo
270 1819 500 1878 mercenarium
511 1818 588 1878 Maii
601 1812 763 1899 cujusdam
778 1819 920 1893 viatoris,
935 1829 1044 1900 postes
1055 1814 1138 1898 ejus,
1184 1893 1188 1898 ἡ

81 1906 152 1966 dam
169 1927 331 1988 generum,
347 1921 377 1967 et
391 1908 589 1989 agriculturae
602 1909 742 1969 deditum
754 1908 893 1968 tradunt.

115 1996 237 2056 Ortum
253 1995 378 2080 Virgilii
394 1995 552 2056 miraculis
569 1997 751 2056 nobilitavit
768 2015 869 2078 prona
885 1997 919 2054 in
936 1993 1135 2054 mendacium

81 2081 169 2162 vulgi
190 2082 377 2144 admiratio:
399 2097 544 2158 matrcut,
568 2084 670 2165 pridie
693 2105 789 2164 quam
810 2095 946 2165 pararet,
965 2083 1136 2142 somniasse

81 2170 226 2248 genitum
244 2191 280 2230 er
294 2189 326 2230 se
344 2170 486 2232 laureum
501 2191 639 2246 ramum,
659 2189 752 2250 quem
769 2182 912 2230 contacta
928 2181 1011 2228 terra
1026 2169 1136 2227 atatim

81 2259 254 2319 excrevisse
267 2261 301 2319 iu
311 2273 468 2320 maturam
482 2259 642 2334 arborem,
655 2260 760 2338 pomis
771 2271 930 2338 gravatam
943 2270 974 2317 et
985 2255 1135 2316 floribus:

80 2348 237 2409 infantem
255 2351 359 2432 ipsum
379 2352 412 2408 in
430 2349 532 2409 lucem
551 2347 705 2432 prodiisse
722 2349 831 2427 vagitu
849 2345 958 2406 nullo:
981 2365 1080 2427 quum
1101 2345 1136 2404 in
1234 2415 1236 2420 Ι

81 2438 133 2497 via
148 2450 249 2498 mater
262 2451 354 2520 partu
368 2437 555 2511 relevasset,
573 2440 695 2518 virgam
709 2435 894 2517 populeum,
913 2445 948 2494 ut
962 2434 1059 2492 moris
1071 2446 1138 2492 erat
1207 2509 1210 2512 Ι

81 2525 116 2586 io
133 2523 190 2584 illa
200 2528 350 2607 tragicus,
373 2525 492 2586 ibidem
506 2525 568 2588 loci
583 2525 688 2586 statim
702 2523 885 2604 depactam,
904 2524 949 2582 ita
962 2521 1049 2582 brevi
1064 2539 1137 2580 coa·

80 2612 191 2690 luisse,
206 2629 244 2675 ut
257 2616 357 2678 multo
373 2630 445 2676 ante
459 2629 538 2676 satas
555 2613 692 2697 populos
708 2612 902 2696 adaequaret3
921 2631 1015 2693 quam
1027 2622 1139 2692 postea

81 2703 209 2783 Virgilii
221 2704 367 2764 arborem
382 2703 513 2780 dictam,
525 2723 648 2764 summa
659 2700 861 2784 gravidarum
873 2713 907 2761 et
921 2699 1057 2760 fetarum
1068 2696 1140 2757 reli·

81 2791 178 2871 gione
188 2790 377 2853 celebratam
388 2793 495 2854 fuisse.
1152 2786 1156 2795 ’

119 2880 287 2940 Cremonae
297 2881 436 2962 primum
447 2881 559 2941 studiis
568 2879 725 2953 eruditus,
737 2898 822 2938 anno
832 2876 896 2935 fers
905 2875 1005 2934 aetatis
1015 2872 1139 2932 decimo

81 2979 171 3028 sexto
186 2967 404 3028 Mediolanum
418 2989 452 3028 se
468 2967 617 3042 contulit,
637 2967 695 3026 ubi
711 2964 834 3030 virilem
851 2979 957 3043 togam
974 2959 1140 3040 sumpsisse

81 3055 237 3132 traditur,
252 3076 289 3116 eo
303 3056 384 3122 forte
398 3059 467 3138 ipso
478 3057 545 3131 die,
561 3077 624 3136 quo
639 3056 801 3115 Lucretius
816 3054 881 3112 vita
895 3049 1038 3140 decessit3
1050 3045 1141 3128 qussi

81 3164 157 3205 eum
171 3145 269 3208 Musae
281 3148 360 3206 tanti
372 3147 490 3226 ingenii
506 3145 652 3205 heredem
663 3143 812 3224 jamtum
825 3149 1026 3202 ostentarent.
1046 3132 1141 3195 Hand

81 3237 128 3296 ita
143 3235 246 3296 multo
261 3249 333 3318 post
346 3238 498 3298 concessit
511 3235 687 3317 Neapolim.
702 3232 827 3311 Quibus
841 3233 875 3291 in
890 3228 1016 3311 oppidis
1028 3225 1141 3286 ardens

84 3325 230 3404 ingenito
241 3346 346 3386 amore
357 3345 502 3408 poeseos,
517 3347 552 3386 ac
564 3339 663 3386 totam
673 3328 737 3384 vim
748 3321 815 3403 ejus
826 3322 933 3382 animo
943 3317 1143 3399 proripiens,

84 3416 223 3474 accinxit
236 3437 267 3478 se
280 3418 319 3478 sd
334 3429 458 3478 tantum
474 3438 552 3497 opus
567 3419 653 3478 omni
668 3435 781 3497 genere
795 3411 981 3474 studiorum.
999 3409 1072 3468 Non
1087 3403 1142 3466 ille

85 3504 208 3583 poesim
223 3504 266 3562 ita
280 3525 441 3585 aggressus
455 3519 517 3580 est,
531 3517 566 3566 ut
581 3506 710 3564 inanem
720 3502 861 3564 sonitum
872 3501 979 3570 ereren
993 3516 1058 3556 non
1072 3513 1143 3556 cru·

86 3589 160 3652 dem
174 3590 280 3654 adhuc
295 3595 417 3656 Musam
429 3607 459 3654 et
470 3597 574 3677 primo
587 3593 700 3656 haustu
714 3593 821 3651 statim
837 3589 955 3650 ebriam
968 3589 1001 3648 in
1014 3587 1143 3646 Parnas-

87 3702 157 3742 sum
170 3683 293 3757 intulit;
307 3686 360 3748 sed
372 3707 469 3767 quum
481 3707 550 3746 eum
564 3705 628 3746 esse
640 3684 830 3745 existimaret
841 3693 955 3754 artem,
968 3697 1061 3756 quern
1073 3672 1144 3734 sub«

87 3767 168 3830 sidio
194 3770 255 3830 niti
278 3785 438 3853 oporteret
460 3775 575 3836 artium
597 3773 822 3852 maximarum,
853 3769 886 3828 in
908 3763 1021 3826 studiis
1041 3762 1146 3859 latent

87 3855 211 3920 uuuiu
225 3859 362 3922 excoluit
378 3863 536 3937 animum,
552 3860 651 3922 donec
662 3858 781 3922 bonam
797 3855 920 3936 frugem
934 3849 1064 3914 maturis
1075 3867 1144 3930 jam
1175 3885 1178 3893 ι

86 3945 207 4006 audeus
228 3944 309 4009 ferre
327 3960 573 4032 postremusque
592 3949 693 4021 enim,
713 3944 985 4026 sagacissimorum
1002 3940 1144 4003 simron

84 4028 222 4111 judicit),
243 4035 377 4118 Virgilio
391 4037 558 4102 tribuenda
573 4048 646 4098 sunt
665 4033 790 4098 inlicere
810 4031 865 4094 illa
887 4039 1049 4112 poemata,
1072 4043 1143 4104 que
