2704 4582
218 303 262 370 90
522 285 930 350 ,nortmanniam
994 322 997 328 -

218 419 319 484 gesta,
335 418 365 466 et
376 403 452 465 belli
466 404 586 481 laudes,
601 428 619 466 a
631 403 744 488 quibus
756 405 939 488 degenerare
951 404 1115 489 iudignum
1127 431 1133 467 :
1150 409 1194 468 ab
1206 408 1280 470 hoc

220 496 315 574 igitur
326 496 440 576 triplici
452 496 578 556 stimulo
595 499 734 577 sequitur
747 497 841 558 veluti
854 496 1012 558 conclusio
1025 521 1032 556 :
1051 519 1145 579 ergo,
1163 519 1281 560 occan-

220 603 318 642 romns
324 629 334 657 ,
345 596 374 642 et
383 581 457 644 ultro
464 583 504 642 ad
512 582 621 644 undam
631 585 744 662 ipsam,
755 584 880 644 fruituri
890 586 1049 645 occasione
1057 587 1100 644 rei
1108 583 1280 666 gerendae.

221 670 297 744 Quae
307 670 373 732 haec
383 671 519 732 occasio?
527 671 596 732 dnm
607 673 720 754 trepidi,
734 676 903 756 eqressisque
914 671 1140 756 lobantvestiqia
1148 677 1279 756 prima:

220 760 354 822 absolvit
371 762 496 822 tandem
511 785 581 823 cum
593 783 707 844 gnome
722 764 845 846 prolata
861 761 901 824 ab
919 763 1028 824 audaci
1045 764 1195 838 homine3
1216 786 1282 823 αιι-

220 846 317 908 deletes
318 850 445 932 fortuna
447 847 544 933 juvat.

261 939 328 1000 285.
350 942 420 1000 Non
437 940 553 1002 idcirco
571 952 654 1010 extra
671 963 702 1001 se
715 943 836 1002 Turnus
849 943 881 1001 in
899 953 987 1002 tanto
1004 941 1141 1015 fervore,
1164 939 1223 1001 sed
1240 951 1283 1000 ut

221 1030 359 1108 egregius
374 1029 436 1090 dux
449 1031 629 1114 perpendit,
644 1033 690 1090 uti
705 1052 777 1092 suos
789 1029 925 1092 dividat:
941 1046 1062 1113 partem
1073 1031 1142 1090 vult
1154 1029 1283 1090 ducere

221 1131 328 1176 contra
343 1117 559 1179 adventantem
572 1119 709 1194 hostem,
723 1133 842 1200 partem
855 1119 1029 1200 relinquere
1041 1133 1149 1178 contra
1161 1118 1282 1176 obses-

220 1227 287 1264 sos:
305 1228 378 1288 ergo
391 1207 557 1286 deliberat,
572 1223 732 1290 versatque
744 1230 862 1284 secum,
876 1230 953 1290 quos
962 1209 1097 1269 destinet
1107 1206 1203 1280 huic,
1216 1220 1284 1266 aut

220 1293 267 1352 illi
283 1297 427 1374 negotio:
448 1310 477 1356 et
492 1312 581 1368 nota,
601 1297 746 1377 praeclare
763 1297 800 1356 de
814 1297 910 1358 altero
923 1297 1049 1376 negotio
1067 1294 1130 1353 dici
1146 1313 1282 1373 conpre-

220 1379 285 1439 clere
294 1426 302 1453 ,
322 1384 407 1462 quasi
426 1383 541 1442 obsessi
555 1385 756 1464 potissimum
768 1382 898 1442 curandi
913 1381 1037 1444 ahsente
1054 1383 1183 1444 Turno:
1205 1378 1283 1437 vul-

221 1473 301 1549 garis
318 1485 410 1552 poeta
426 1473 540 1534 diceret
555 1471 715 1552 relinquere
734 1475 765 1532 in
779 1471 941 1544 obsidione,
965 1469 1125 1552 quomodo
1145 1467 1282 1529 loeutus

221 1569 266 1614 est
281 1555 463 1619 Plutarchus
477 1561 511 1618 in
525 1560 587 1618 vita
602 1559 740 1629 Luculli3
756 1563 799 1618 ἐπὶ
812 1569 856 1624 τῆς
869 1564 1016 1638 πολιορκίας
1027 1562 1160 1616 ἀπέλιπεν.

261 1645 329 1723 287.
348 1643 464 1704 Habuit
482 1645 623 1725 superior
640 1656 752 1702 tractus
771 1643 964 1723 diligentiam
978 1644 1094 1716 Turni3
1116 1639 1193 1700 hnic
1213 1662 1279 1722 op-

221 1733 350 1810 ponitur
360 1733 469 1792 AEneas
479 1735 547 1814 pari
557 1747 671 1792 conatu
679 1753 751 1792 suos
759 1751 926 1813 exponens.
937 1733 1034 1791 Tanta
1044 1751 1118 1790 vero
1129 1730 1279 1790 militum

222 1819 282 1878 fnit
295 1819 441 1894 aviditas,
457 1835 491 1880 ut
503 1836 621 1882 servato
635 1824 728 1882 maris
738 1821 874 1895 refluxu,
888 1819 969 1880 saltu
981 1842 1011 1880 se
1023 1822 1057 1880 in
1070 1819 1188 1878 vadosa
1200 1819 1280 1883 loca

224 1905 350 1981 darent3
366 1930 439 1968 nam
451 1907 516 1969 haec
528 1926 601 1970 sunt
614 1909 718 1971 brevia.

260 2091 319 2157 284.
340 2091 469 2146 Audentes
491 2097 606 2146 Fortuna
619 2098 719 2167 juvat:
766 2093 837 2146 hunc
851 2112 897 2146 seu
908 2106 1035 2164 pontem,
1046 2110 1093 2144 seu
1105 2091 1208 2144 scalam
1220 2111 1279 2144 na-

224 2184 314 2242 potest
326 2171 382 2224 haec
397 2175 528 2226 sententia
541 2188 567 2226 et
579 2175 723 2245 superiori·
766 2176 839 2226 vium
853 2185 931 2226 vocat
943 2169 1095 2242 sinocailpar:
1110 2169 1192 2240 ίχόμι
1201 2171 1280 2242 (ait)

223 2251 274 2302 bus
286 2251 428 2322 adplicari,
444 2267 470 2306 et
479 2273 527 2325 per
539 2273 566 2306 se
579 2255 722 2326 separatim
768 2251 806 2304 inl
817 2247 856 2306 vnit
869 2247 1014 2322 ὲποΐαίθμν.
1027 2283 1061 2292 -
1073 2251 1157 2310 Multi
1172 2269 1280 2303 servare

166 2382 170 2388 .
224 2332 343 2404 intelligi.
352 2333 420 2385 Serv.
430 2365 462 2372 -
471 2335 544 2402 Quot
551 2334 614 2386 huic
621 2353 724 2406 germa-
768 2351 886 2385 recursus.
896 2331 1082 2384 Observabant
1092 2331 1180 2382 sedati
1189 2332 1277 2382 maris

224 2432 264 2462 nae
285 2425 311 2464 et
332 2427 450 2484 cognatae
472 2417 624 2466 sententiae?
644 2414 722 2466 Ovid.
768 2411 1104 2482 relluxum,inquehreoia,
1114 2409 1202 2476 idest,
1214 2427 1278 2481 syr-

223 2493 287 2543 Met.
300 2495 339 2544 X:
365 2493 519 2546 «Audentes
531 2495 603 2546 Deus
616 2496 672 2564 ipse
680 2497 722 2564 jn·
766 2503 806 2542 tes
825 2491 900 2560 (AEn.
912 2491 939 2557 l,
959 2489 1025 2560 115)
1046 2502 1072 2541 et
1090 2489 1152 2539 loca
1168 2487 1279 2540 vadosa

222 2585 276 2622 vat.
289 2596 299 2619 n
315 2574 347 2623 Et
358 2576 428 2624 Fast.
441 2577 478 2638 Il,
492 2597 502 2620 ι
514 2574 642 2626 audentes
652 2575 723 2624 fors·
767 2569 935 2621 desiliebant.
944 2566 1135 2619 -Sensushic
1147 2579 1188 2618 est
1199 2589 1206 2618 t
1218 2580 1278 2618 tres

225 2652 496 2720 queDeusquejuvat.
506 2676 517 2699 s
527 2653 643 2704 Catilina
651 2652 724 2721 apud
767 2651 860 2700 ineunt
872 2649 1050 2700 exscensionis
1065 2648 1130 2698 vias.
1141 2648 1162 2696 Ι.
1172 2649 1276 2698 AEneas

224 2729 330 2781 Sallust.
347 2731 725 2802 «semperinpraeliohisma·
769 2729 886 2799 applicat
904 2746 985 2780 naves
1008 2746 1115 2778 summae
1137 2726 1277 2796 crepidini

223 2812 324 2862 ximurn
333 2809 543 2882 estpericulum,
557 2815 602 2883 qui
611 2813 723 2863 maxime
768 2809 867 2872 litoris,
889 2820 915 2860 et
928 2809 1007 2876 jactis
1027 2805 1155 2876 pontibus
1174 2803 1277 2858 milites

224 2891 334 2940 timent:
356 2890 469 2944 audacia
482 2910 533 2962 pro
550 2910 627 2942 muro
640 2889 724 2942 habe·
769 2889 886 2959 exponit.
897 2887 1029 2957 Il.Aliqui
1038 2897 1161 2956 quaerunt
1170 2883 1278 2936 vadosa

224 2981 299 3019 tur.»
320 2969 377 3021 Val.
389 2970 476 3023 Flacc.
488 2973 552 3043 Arg.
565 2972 609 3036 IV,
630 2971 723 3020 «Deus
769 2965 890 3038 quaedam
908 2965 983 3030 loca,
1004 2983 1060 3034 quae
1079 2975 1143 3012 aestu
1163 2961 1276 3032 quidem

225 3048 312 3100 adfuit
332 3052 434 3102 ausis.»
458 3052 598 3104 Terentius
617 3049 722 3100 Phorm.
769 3044 909 3110 affluente,
931 3043 1055 3096 fluctibus
1078 3053 1174 3112 operta
1192 3054 1275 3104 sunt;

227 3131 340 3182 «Fortes
352 3132 461 3188 fortuna
472 3130 588 3202 adjuvat.
600 3153 611 3176 n
623 3129 724 3179 Ennius
769 3123 911 3189 refluente,
929 3124 1002 3174 sicca
1014 3132 1089 3182 sunt;
1100 3132 1148 3170 aut
1160 3121 1229 3170 saxis
1247 3131 1277 3170 et

224 3207 321 3258 Annal.
331 3209 377 3260 lib.
388 3211 448 3260 Vll:
463 3209 608 3262 «Fortibus
621 3219 661 3258 est
670 3207 725 3257 for·
770 3205 857 3256 arenis
870 3215 897 3254 et
907 3199 1092 3273 stagnantibus
1103 3201 1182 3269 aquis
1192 3199 1276 3250 infes-

225 3297 290 3336 tuna
302 3288 365 3336 viris
375 3283 470 3340 datm
770 3296 814 3336 ta:
831 3282 889 3338 haeo
907 3295 996 3338 autem
1012 3283 1040 3332 in
1056 3281 1116 3331 loca
1134 3277 1262 3330 exsiliunt
1267 3325 1277 3352 ‚

263 3366 723 3424 288.Pontibus.Transtrisnaviurn.
770 3375 817 3416 aut
828 3363 926 3416 saltum
936 3362 1015 3414 remis
1031 3359 1159 3429 adjuvant
1171 3375 1203 3408 ac
1216 3374 1277 3408 sus-

226 3443 342 3494 Navales
352 3458 447 3514 pontes
456 3459 517 3497 sunt
525 3447 637 3516 triplicis
647 3465 726 3517 gene·
770 3454 883 3495 tentant.
897 3443 940 3493 lll.
953 3439 1093 3504 Tarchon,
1105 3437 1211 3488 omissis
1222 3455 1275 3490 va-

227 3525 279 3574 ris:
294 3523 335 3574 vel
349 3543 364 3575 e
378 3525 490 3576 naribus
506 3528 601 3596 positis
618 3525 726 3591 ordine,
772 3523 844 3575 dosis
852 3522 905 3575 illis
913 3520 1122 3592 etinaequnlihus
1130 3517 1277 3583 locis,ele-

228 3621 310 3673 supra
323 3620 389 3672 quas
400 3605 500 3673 injecta
512 3605 622 3670 tabulae,
635 3605 726 3676 quales
771 3606 810 3676 git
828 3603 938 3673 planum
957 3613 984 3654 et
1001 3599 1101 3652 humile
1117 3597 1199 3648 litus:
1219 3614 1276 3666 quo

229 3682 335 3733 exhibet
348 3682 480 3734 Plutarch.
495 3685 524 3735 in
537 3686 592 3736 vita
605 3683 724 3736 Luculli:
771 3682 867 3734 fluctus
880 3680 981 3750 absque
996 3679 1148 3732 offensione
1160 3695 1192 3728 ac
1205 3689 1277 3730 stre·

228 3761 272 3814 vel
290 3779 321 3813 ex
337 3762 440 3814 utribus
455 3765 584 3816 coriaceis
598 3767 727 3834 conjunc·
771 3763 844 3834 pitu,
866 3758 914 3812 sed
931 3759 986 3811 leni
1004 3771 1031 3810 et
1053 3755 1149 3829 aequali
1170 3757 1275 3827 impetu

229 3845 263 3893 tis
278 3855 303 3894 et
318 3843 464 3915 colligatis:
482 3845 524 3898 rel
533 3845 585 3910 illi,
604 3847 650 3916 qui
663 3844 728 3898 dicti
772 3839 939 3893 evolvuntur.
952 3839 1042 3906 Quum
1053 3850 1143 3890 autem
1152 3835 1191 3887 ibi
1202 3853 1276 3906 aqua

230 3923 358 3974 cataracti
372 3935 477 3992 pontes.
494 3924 534 3974 De
549 3925 671 3975 extremis
683 3942 728 3974 ca·
772 3919 891 3984 deficiat,
900 3919 1023 3970 hortatur
1032 3915 1172 3981 Tarchon,
1185 3927 1216 3972 ut
1224 3933 1275 3966 va·

230 3999 343 4071 piendus
368 4014 456 4072 poeta.
477 4001 596 4072 Thucyd.
618 4001 727 4066 lib.1v,
773 3994 1276 4071 lidoimpetunavesimpulsae,acvelut
