2654 4590
298 318 355 379 IN
379 315 821 384 cinamomum.
1044 325 1108 409 37Ἰ

35 449 92 494 tum
106 451 244 498 moretur
255 440 291 497 in
302 436 369 496 soto
383 436 551 501 Volscente:
569 437 662 498 efficit
676 453 768 522 poeta
782 440 966 522 tragoediam
981 441 1083 504 effica-

36 528 140 586 ciorem
156 529 382 610 geminatione
393 529 540 587 nominis.

65 613 134 690 440.
149 617 386 698 Agglomerant
397 636 426 674 se
439 619 541 676 statim
553 615 669 692 hostes,
681 630 716 678 ut
728 621 1085 681 unumtueanturllols-

37 703 1085 790 centem,utunumproturbentNisum:illeveroinslatnonseqnius5

36 793 69 850 ita
79 807 184 853 antem
198 815 312 854 ensem
326 807 442 868 versat,
458 807 491 853 ut
505 797 609 877 potius
624 797 657 855 in
672 817 798 856 omnem
814 811 931 878 partem
945 811 1041 872 roten
1056 811 1085 856 et

38 883 98 960 quia
108 897 202 958 rotat,
216 884 290 944 ideo
302 886 405 943 statim
416 883 602 960 luculenter,
614 898 645 944 et
653 888 746 946 etiam
756 888 882 968 proprie
883 884 1081 970 fulmineum,

39 971 99 1048 quia
115 986 244 1032 rotatus
264 971 321 1031 ille
339 969 515 1032 celerrimus
530 972 684 1054 triplicem
703 973 851 1032 reddebat
867 995 970 1033 ensem
988 977 1085 1034 instar

6 1127 8 1142 ,
38 1055 167 1120 fulminis
180 1059 377 1141 tricuspidis.¹
398 1061 469 1119 Non
484 1073 527 1120 est
539 1062 641 1120 inanis
655 1075 741 1121 tanta
755 1063 819 1120 vis:
840 1083 912 1120 nam
925 1061 1084 1120 hominem

37 1147 151 1208 conficit
166 1148 355 1209 miserando
372 1151 481 1210 mortis
498 1170 622 1232 genere3
643 1153 760 1233 quippe
772 1149 876 1231 gladio
891 1153 1036 1209 immerso
1050 1152 1084 1207 in

39 1237 260 1312 acclamantis,
276 1242 360 1299 etita
373 1242 496 1300 moriens
508 1242 574 1322 ipse
587 1239 662 1302 hosti
673 1243 806 1300 unimam
818 1238 944 1300 abstulit.
1018 1273 1023 1304 t

5 1337 7 1372 l
67 1323 132 1401 444.
148 1327 282 1387 Accedit
291 1347 389 1402 nova,
402 1327 615 1387 etmiseranda
626 1327 792 1410 tragoedia3
805 1349 879 1386 nam
891 1348 953 1408 quo
964 1329 1083 1408 impetn

37 1413 62 1469 iu
71 1410 196 1474 hostem
211 1427 332 1491 ruerat,
343 1415 468 1492 eodem,
483 1432 606 1498 sumpta
615 1415 681 1497 jam
692 1416 844 1492 vindicta,
858 1416 921 1475 ruit
931 1415 969 1472 ad
981 1414 1083 1474 infeli-

38 1519 91 1558 cem
112 1505 258 1562 amicum
276 1500 343 1582 jam
364 1504 552 1578 exanimem,
575 1525 667 1586 super
689 1526 783 1586 quem
804 1524 868 1563 sese
891 1501 1033 1584 projecit,
1055 1514 1085 1560 et

38 1591 114 1666 quasi
127 1587 200 1670 jam
222 1589 354 1671 adeptus
368 1589 463 1650 finem
477 1603 640 1667 votomm,
659 1593 767 1673 quievit
785 1589 825 1650 ibi
843 1603 934 1650 morte
949 1587 1081 1671 placida,

4 1741 5 1764 ,
38 1679 98 1756 quia
111 1701 187 1738 cnm
204 1681 318 1739 amico.
332 1681 382 1739 hit
397 1693 487 1762 poeta
502 1682 665 1765 confossus,
680 1681 733 1742 sed
747 1701 812 1740 non
825 1679 985 1762 explicata
1000 1699 1081 1759 quo:

4 1823 6 1860 ,
37 1787 68 1824 an
80 1767 117 1827 ab
132 1768 305 1830 hostibus?
316 1769 398 1830 credi
409 1769 469 1830 hoc
479 1783 580 1852 potest
591 1797 598 1829 ε
615 1771 685 1830 illos
698 1773 795 1845 enim,
807 1783 927 1850 sumpta
938 1767 1002 1850 jam
1014 1769 1081 1850 glo·

4 1877 6 1940 3
36 1857 106 1916 riosa
126 1858 288 1933 vindicta,
310 1857 389 1918 nihil
410 1863 544 1934 curavit,
566 1873 647 1920 etse
670 1859 916 1920 confodiendum
940 1859 1081 1940 permisit

36 1965 117 2024 supra
130 1948 293 2006 amicum:
315 1968 356 2005 an
371 1967 403 2005 se
416 1949 482 2028 ipse
499 1947 606 2029 gladio
621 1969 677 2008 suo
692 1947 849 2023 confodit,
864 1959 898 2006 ut
914 1949 966 2027 qui
983 1945 1084 2006 nollet

4 2085 5 2108 ,
37 2053 91 2093 esse
103 2049 274 2117 superstes,
287 2056 345 2095 nec
356 2057 414 2116 pro
428 2058 459 2096 se
473 2059 629 2118 pugnare,
644 2037 789 2119 adempto
802 2035 923 2096 amico?
1016 2089 1022 2100 .

4 2119 6 2208 ,
66 2121 132 2196 446.
149 2129 290 2184 Aureum
306 2125 458 2205 elogium,
473 2147 535 2206 quo
545 2127 723 2187 fortunatos
734 2139 823 2186 ¹vocat
835 2150 841 2185 ι
855 2147 928 2185 nam
940 2124 1080 2184 fortuna·

3 2222 5 2302 ,
35 2211 87 2270 tius
100 2210 184 2271 nihil
196 2213 336 2292 glorioso
347 2214 429 2272 exitu
441 2237 448 2272 ε
462 2212 549 2273 addit
559 2214 724 2274 duraturos
734 2215 804 2272 illos
815 2215 849 2272 in
860 2233 985 2272 omnem
995 2225 1080 2270 aeter-

35 2299 155 2358 nitatem
171 2301 287 2360 virtute
299 2319 429 2359 suorum
442 2301 632 2374 carminum,
644 2314 673 2358 et
685 2298 912 2361 modestissime
923 2297 1078 2377 loquitur,

35 2389 139 2468 siquid
153 2403 279 2470 possunt
296 2411 361 2448 meo
379 2393 521 2451 carmine.
538 2391 568 2449 si
587 2409 651 2448 non
670 2403 736 2461 tua3
757 2407 917 2467 quaenam,
936 2405 955 2442 o
970 2383 1080 2442 Maro?

37 2473 105 2536 hanc
113 2479 324 2538 eternitatem
334 2491 369 2536 ut
379 2476 524 2559 explicet,
536 2477 663 2538 adducit
672 2477 810 2549 ἀδύνατον,
824 2487 858 2532 ut
867 2473 874 2530 i
878 2471 1078 2553 pseputabat,

37 2563 68 2623 de
80 2569 184 2626 AEneae
201 2567 332 2647 posteris
351 2586 473 2645 semper
489 2568 522 2625 in
542 2565 652 2625 eodem
669 2564 801 2644 imperio
817 2562 981 2620 duraturis.
999 2562 1077 2618 Vere

38 2650 132 2714 hocad
143 2655 391 2715 assentationem
399 2657 541 2735 Augusti3
555 2654 652 2716 namJ
656 2652 751 2712 uliam
759 2650 913 2712 familiam
922 2645 1076 2728 intelligit.

38 2840 165 2892 sermohic
174 2842 290 2892 sumitur
299 2859 316 2892 a
326 2840 527 2913 gladiatoribus.
548 2891 551 2898 ,
574 2843 636 2894 tatis
646 2842 798 2896 testimonio
811 2837 991 2910 prosequitur.
1005 2835 1072 2888 Seru

36 2919 121 2974 Omnis
135 2934 200 2972 sunt
211 2920 406 2992 gladiatorum,
423 2923 529 2993 petitio·
574 2919 753 2992 -uFortunati
771 2919 859 2980 ambo,
881 2926 927 2966 etc.
949 2914 1072 2962 Divinum

35 3002 256 3066 nes,ritationes,
269 2999 476 3065 declinationes,
490 3002 530 3053 ef·
574 3014 613 3052 est
631 3000 747 3070 elogium
764 2997 859 3047 summi
876 3006 980 3065 poetae:
1002 2989 1076 3060 quod

36 3081 104 3152 iugis.
114 3083 219 3132 Notum
230 3079 311 3145 illud,
326 3081 408 3131 «Non
419 3093 444 3132 te
455 3093 528 3151 peto,
575 3099 634 3133 eum
649 3079 708 3132 aliis
723 3087 862 3147 comparat
875 3071 971 3141 Scalig.
985 3071 1017 3132 V,
1034 3069 1074 3120 16.

34 3163 122 3229 piscem
139 3174 215 3232 peto.
228 3184 239 3208 ι
252 3159 338 3212 Graeci
349 3156 431 3230 ὅρμῖιν,
443 3173 483 3222 et,
494 3157 529 3229 ip·
608 3161 774 3229 llbllomus
782 3151 1074 3208 AEneoe.Familiam.lu·

34 3239 84 3302 nde,
93 3253 192 3312 petere,
204 3240 349 3312 petitiones.
363 3241 455 3311 ltaque
466 3239 529 3292 vita·
572 3240 637 3292 liam
655 3237 803 3313 significat,
825 3255 839 3288 e
864 3253 917 3305 qua
940 3234 1073 3304 Augustus

36 3321 64 3370 tio
80 3335 105 3373 et
121 3321 214 3393 petitio
231 3319 333 3373 directe
353 3322 481 3392 opposite
500 3322 528 3372 in
573 3335 642 3374 erat:
653 3317 876 3390 cuiprnrogativa
887 3312 1074 3386 quadamcon·

35 3399 78 3453 hoc
91 3402 168 3454 ludo.
573 3419 648 3455 cessa
656 3413 712 3453 erat
720 3398 754 3450 ad
761 3396 923 3468 Capitolium
931 3392 1072 3458 habitatio,

66 3482 121 3546 lla.
136 3481 314 3534 Fulmineum.
327 3481 448 3552 Explicui
459 3485 527 3551 jam,
572 3484 693 3533 Patriciis
710 3477 833 3530 omnibus
846 3475 990 3546 denegata,
1007 3492 1072 3524 auc-

34 3573 56 3611 et
74 3561 156 3626 addo,
178 3565 265 3612 visum
286 3559 353 3612 mihi
378 3561 491 3613 indicari
512 3581 528 3613 a
573 3573 631 3613 tore
649 3561 757 3610 Victore
775 3571 801 3609 et
820 3553 979 3606 Plutarcho:
1000 3551 1071 3604 unde

32 3653 109 3708 poeta
122 3644 174 3692 vim
189 3641 248 3696 Nisi
260 3659 319 3693 esse
331 3657 413 3711 supra
428 3654 527 3693 morta·
572 3659 640 3705 non,
651 3637 758 3703 incolet,
769 3637 812 3689 sed
824 3633 933 3697 accolet,
948 3633 1025 3693 dixit3
1037 3629 1071 3682 ad

33 3717 93 3784 lem,
119 3735 148 3771 ut
170 3722 216 3793 qui
239 3740 295 3772 non
316 3733 371 3772 tam
393 3721 526 3792 gladium,
573 3719 682 3772 domum
693 3731 780 3769 autem
791 3715 903 3784 Augusti
915 3713 989 3763 locus
1001 3723 1072 3776 erat,

35 3816 106 3868 quam
116 3800 219 3852 fulmen
229 3813 359 3853 versaret.
572 3804 619 3872 qui
629 3823 646 3846 ἀ
657 3798 732 3850 seiles
748 3797 856 3869 Imperii
872 3794 985 3845 Romani
996 3815 1014 3840 s.
1032 3790 1073 3842 di-

62 3879 121 3944 446.
136 3881 274 3932 Fortunati
288 3881 372 3932 ambo.
392 3881 526 3954 Prospho-
572 3880 690 3932 sebatur.
931 3923 934 3930 ,

33 3960 94 4009 cesis
104 3973 152 4011 est.
161 3961 227 4012 Mire
237 3960 337 4012 horum
350 3973 461 4014 mortem
471 3979 525 4014 non
607 3959 668 4028 449.
682 3958 762 4008 Pater
769 3957 909 4008 Romanus.
922 3953 1072 4002 Romanum

34 4035 98 4091 luctu
107 4051 153 4092 ant
163 4039 366 4106 misericordia,
379 4040 427 4093 sed
437 4040 527 4094 telici-
572 4043 763 4111 Imperatorem
775 4036 849 4108 capit
857 4030 974 4086 Turneh.
984 4030 1069 4093 XXII,
