2742 4596
235 317 298 400 ua
595 293 914 378 ua'vraoruu

171 458 173 464 ,
234 445 342 504 rietate
363 434 503 496 lectionis
525 432 727 506 instructum,
745 453 839 512 quam
859 455 895 492 ex
916 435 1109 518 autographo
1129 441 1283 504 Cortiand

234 531 311 592 olim
332 527 378 584 vir
396 521 590 582 doctissimus
606 520 818 602 adscripscrat.
833 522 906 581 Erat
925 523 978 583 illa
997 544 1033 582 ex
1050 527 1105 584 XV
1119 527 1284 590 codicibus

234 627 395 698 congesta,
418 628 497 692 quos
518 623 621 668 tamen
638 609 753 668 Cottius
774 629 839 667 non
861 629 970 669 omues
989 612 1162 691 inspexisse
1184 618 1282 676 videri

233 706 344 778 debet,
360 715 470 784 praeter
483 695 795 778 Guelpherbytanos,
810 719 888 779 quos
904 699 942 758 ad
962 721 992 760 se
1011 703 1121 763 missos
1135 725 1212 764 eum
1226 705 1283 765 ha·

234 796 340 857 baisse
362 787 524 872 probabile
546 786 591 846 lit.
613 788 756 846 Cortium
776 788 907 868 Virgilio
930 791 1116 850 recensendo
1139 795 1283 853 animum

236 884 406 968 appulisse,
419 899 455 938 ex
464 875 621 937 Thesauro
636 877 679 936 La
696 877 849 936 Croziano
868 899 979 936 noram
991 881 1079 940 Τοιιι.
1098 883 1128 958 1,
1145 904 1219 964 pag,
1235 885 1284 944 38,

234 971 362 1032 Codices
378 980 496 1038 autem,
511 983 646 1044 quorum
663 965 836 1024 variantem
852 963 1018 1026 lectionem
1037 972 1284 1051 conscripserat,

233 1060 269 1122 bi
279 1073 382 1121 erant:

193 1153 197 1163 ¹
277 1193 302 1233 1.
314 1174 410 1231 Vetus
425 1165 578 1228 Gudianus
592 1164 720 1245 (dequo
733 1187 800 1247 sup.
816 1188 848 1248 p.
861 1165 947 1246 443).

275 1283 302 1322 a.
319 1259 404 1318 Alius
419 1254 574 1317 Gudianus
587 1254 725 1333 ejusdem
740 1259 836 1315 aetatis
849 1271 878 1316 et
890 1257 1016 1333 formae,
1028 1259 1088 1318 nisi
1101 1259 1187 1339 quod
1202 1259 1282 1318 litte·
1322 1277 1324 1281 ’

235 1373 278 1412 roe
295 1359 446 1410 vetustate
465 1347 580 1422 attritae
597 1347 711 1425 passim
726 1360 929 1406 evanuerunt.
947 1349 1060 1429 Incipit
1080 1369 1152 1408 cum
1167 1349 1282 1428 Georg.

233 1443 286 1516 lV,
299 1461 353 1523 703
372 1450 401 1496 et
418 1435 521 1495 deficit
534 1433 652 1493 AEneid.
666 1433 721 1494 lib.
734 1435 778 1510 X,
800 1435 863 1495 123.
878 1438 1009 1526 ΙΝοιειιιιι
1023 1439 1104 1496 inter
1116 1437 1280 1498 Gudianus

233 1531 292 1589 llo.
311 1549 322 1587 1
391 1526 448 1604 66).

275 1618 302 1677 3.
315 1529 417 1674 Gliialrn
432 1611 586 1674 Gudianus
596 1615 633 1672 N.
651 1613 701 1672 131
717 1609 798 1692 (164)
810 1612 886 1672 olim
899 1613 1106 1674 Rottendoriii
1123 1615 1280 1696 (adeoque

233 1705 397 1774 intereos,
414 1720 492 1780 quos
508 1701 654 1758 Heinsius
673 1701 880 1780 comparavit)
900 1703 933 1760 in
948 1703 1130 1761 membrana
1146 1705 1281 1783 scriptus

233 1813 332 1852 manu
352 1791 427 1850 satis
444 1802 583 1862 vetusta,
603 1789 646 1847 ita
665 1802 698 1847 ut
717 1803 839 1850 aetatem
860 1811 1016 1851 annorum
1035 1793 1282 1872 quingentorum

232 1879 313 1939 ferre
327 1877 482 1936 videatur:
498 1874 591 1934 babet
605 1878 712 1934 omnia
724 1879 858 1957 Virgilii.

272 1962 302 2038 4.
316 1964 453 2039 Quartus
467 1961 620 2022 Gudianus
631 1965 689 2022 No.
706 1985 760 2043 ¹⁰9
774 1965 854 2045 (238)
869 1967 1141 2042 membranaceus,
1157 1980 1280 2049 quater·

233 2055 395 2128 nionibus,
408 2053 547 2112 continet
559 2065 683 2111 tantum
697 2051 839 2136 Georgic.
852 2055 959 2115 libros.

273 2236 451 2314 Sequuntur
462 2251 479 2291 e
490 2228 685 2312 bibliotheca
696 2229 950 2315 Guelplierbytana
964 2253 1031 2292 sex:

277 2345 302 2382 ι.
321 2323 379 2382 Νο.
398 2322 453 2398 82,
476 2341 511 2380 ιο
529 2319 703 2381 membran.
724 2342 772 2397 ra,
790 2324 844 2403 qui
861 2322 1005 2382 Bucolica
1022 2334 1146 2382 tantum
1168 2321 1278 2397 habet,

233 2412 287 2475 sed
297 2424 443 2472 vetustus.

274 2524 301 2562 a.
316 2502 374 2560 No.
387 2501 443 2576 63,
459 2501 475 2560 5
491 2497 644 2559 duodenis
658 2497 811 2580 oblongis.
826 2499 972 2560 Bucolica
986 2514 1017 2559 et
1031 2500 1188 2580 Georgica
1201 2499 1277 2582 ejus-

234 2591 305 2650 dem
315 2589 421 2648 aetatis.

274 2680 302 2738 3.
317 2679 375 2737 No.
389 2698 424 2756 9,
443 2697 472 2735 ιι
489 2675 697 2736 membranac.
713 2679 746 2736 in
760 2674 795 2752 li,
811 2677 863 2736 sed
878 2679 1042 2738 recentior.

271 2765 300 2844 4.
316 2767 374 2830 lVo.
391 2784 440 2838 ιι,
457 2764 474 2823 3
488 2763 618 2824 membr.
630 2765 663 2822 in
675 2761 696 2837 li
709 2765 876 2840 recentior,
891 2764 1088 2824 antecedente
1101 2778 1209 2824 tamen
1228 2787 1278 2826 an·

234 2858 359 2940 tiquior.

273 2947 299 3005 5.
315 2945 372 3002 No.
388 2943 421 3016 8,
440 2937 472 3014 ri
489 2937 620 2999 membr.
635 2941 669 2998 in
682 2937 703 3014 lp
716 2941 876 3000 recentior.

250 3063 253 3070 ¹
270 3033 300 3092 6.
314 3033 372 3092 Νο.
385 3027 466 3111 7fol.
479 3025 671 3100 chartaceus3
683 3029 715 3086 in
726 3025 789 3087 fine
799 3027 1004 3110 adscriptum,
1015 3049 1077 3089 esse
1089 3049 1162 3088 cum
1176 3051 1278 3091 exara-

230 3135 298 3182 tum
313 3141 340 3180 a.
356 3119 440 3200 1457.

269 3231 366 3288 Porro
379 3227 436 3289 duo
452 3225 542 3286 codd.
555 3225 635 3284 Petri
649 3223 797 3301 Danielis,
814 3228 868 3307 qui
885 3231 968 3286 nunc
979 3231 1084 3288 Bernce
1100 3229 1183 3286 iuter
1196 3231 1275 3287 Bon·

231 3323 379 3403 parsianos
392 3317 604 3377 adservantur.
616 3315 701 3375 Alter
711 3319 860 3377 vetustior
869 3318 1037 3398 Georgica,
1050 3331 1117 3376 tum
1129 3318 1275 3399 Eclogas,

230 3407 358 3469 tandem
372 3403 531 3464 AEneidem
543 3400 685 3480 exhibet,
700 3404 751 3463 sed
767 3407 798 3463 in
814 3404 896 3464 libro
906 3407 944 3481 V,
958 3405 1074 3480 deficit,
1088 3405 1166 3464 alter
1177 3427 1277 3466 recen-

229 3500 292 3557 tior
303 3509 356 3554 est.
368 3494 447 3552 Sunt
459 3493 535 3552 adeo
548 3491 679 3575 ii,‘quos
691 3495 740 3553 Jo.
754 3493 832 3553 Rud.
845 3496 956 3555 Sinner
967 3497 999 3554 in
1011 3493 1164 3574 Catalogo
1178 3493 1274 3555 Codd.

228 3587 303 3647 Mes.
319 3581 467 3643 biblioth.
481 3585 624 3643 Beruens.
640 3598 794 3660 memorat
806 3605 875 3665 pag.
891 3585 964 3654 631,
982 3605 1012 3642 n.
1030 3582 1097 3658 18ss
1116 3606 1188 3664 pag.
1202 3585 1276 3658 633,

229 3694 263 3731 ιι.
275 3669 309 3746 lp
320 3691 330 3728 1
341 3715 350 3744 ,
363 3671 420 3728 etsi
435 3669 553 3728 diversa
568 3667 608 3728 ab
624 3671 690 3728 istis
700 3673 819 3730 narrari
831 3669 882 3730 hic
894 3669 1047 3730 videntur.
1059 3669 1146 3728 ldem
1153 3673 1219 3730 Vir.
1230 3669 1274 3729 Cl.
1353 3695 1354 3700 ¹

229 3783 261 3842 p.
276 3758 433 3819 626-635
448 3758 568 3816 codices
578 3757 701 3836 Virgilii
714 3757 791 3818 alios
804 3779 839 3817 ex
853 3747 959 3816 eadem
979 3756 1172 3836 bibliotheca
1190 3779 1273 3817 com·

230 3857 400 3918 memorst5
419 3842 457 3902 de
470 3845 613 3904 codicum
627 3858 730 3905 tamen
746 3845 887 3906 bonitate
902 3846 1058 3930 judicium
1080 3843 1155 3904 inde
1176 3845 1275 3905 facere

229 3938 281 3996 vix
295 3933 385 4006 licet,
400 3934 460 3992 nisi
475 3933 561 4013 quod
575 3936 647 3994 satis
662 3951 795 3996 recentes
811 3957 872 3995 csse
886 3936 1043 3996 videntur.

235 4039 247 4048 ·’
269 4024 373 4085 Etiam
386 4020 511 4084 duorum
524 4021 807 4104 Hamburpensiam,
824 4043 902 4105 quos
916 4043 988 4086 cum
1001 4023 1128 4104 vulgata
1144 4015 1274 4086 lectione
