2742 4596
410 303 476 370 DE
498 303 754 372 VIRGlLlO.

64 425 124 493 Sed
137 425 335 516 quid'amica
346 425 430 492 fides
442 427 560 515 possit,
573 425 747 520 laudisque
759 430 896 519 cupido,

64 537 143 598 Cum
155 535 246 599 socio
260 533 447 625 Hyrtacidae
458 537 653 600 monstravit
665 536 776 602 nobile
788 537 933 618 lethum..

64 644 130 707 Hos
142 642 243 710 habet
254 667 273 708 a
283 643 400 733 primis
411 642 503 710 libris
517 659 661 711 extrema
672 645 835 712 tumultus

24 733 29 744 ⁸
63 747 198 836 Pagina:
213 771 312 838 quam
324 748 389 813 late
401 765 517 837 regnet
530 750 647 814 vitiosa
661 750 829 839 voluptas5

63 853 159 944 Troja
172 853 270 920 docet
283 854 407 920 Paridis
419 853 593 944 deperdita
604 872 741 945 propter
752 881 909 924 amorem.

63 963 128 1048 Nec
139 963 203 1028 fuit
214 968 324 1031 AEneae
337 965 447 1055 magni
460 965 620 1054 sapientia
631 981 735 1049 tanta,

63 1068 105 1132 Ut
115 1069 245 1136 blandae
257 1071 419 1137 thalamos
434 1072 556 1159 reginae
568 1071 736 1160 linqueret
747 1073 834 1138 ultro
847 1097 853 1136 :

61 1176 214 1258 Quamvis
226 1179 376 1245 audierat
388 1178 499 1244 divina
510 1177 593 1246 voce
606 1183 754 1245 Deorum

62 1285 209 1350 Promitti
222 1303 354 1375 gentem
367 1288 482 1368 ltaliae,
495 1312 569 1379 quae
581 1288 706 1358 viribus
719 1291 799 1359 olim

62 1390 242 1482 Subjiceret
253 1410 361 1461 totum
368 1396 466 1486 justis
479 1413 511 1461 et
522 1396 650 1486 legibus
663 1397 790 1463 orbem.

62 1495 119 1561 llle
132 1513 243 1564 tamen
256 1517 370 1591 captus
381 1503 553 1590 praesentis
566 1503 708 1592 imagine
720 1505 829 1592 regni,

61 1603 261 1697 Reginpeque
270 1606 547 1690 dolis‚.ltaerebat‚
562 1608 670 1674 donec
682 1609 724 1674 ab
737 1611 805 1675 alto

61 1708 179 1775 Missus
192 1711 532 1782 Atlantiadesabitum
545 1731 673 1782 tentare
684 1718 804 1804 coegit.

60 1815 155 1898 Quod
169 1818 195 1882 si
208 1843 284 1885 cum
297 1823 393 1888 sociis
405 1825 579 1888 mansisset
589 1824 709 1890 stultus
722 1825 894 1914 inersque,

62 1922 207 2010 lmperio
218 1943 332 1992 natum
344 1947 484 2013 aeterno,
497 1933 671 2021 sociosque
683 1933 823 2020 perenni

61 2030 223 2098 Privasset
234 2034 347 2116 laude,
361 2053 394 2102 et
405 2025 538 2104 sinisset
551 2041 692 2128 turpiter
705 2041 787 2127 ipse.

60 2139 145 2228 Ergo
160 2141 271 2230 nigros
284 2162 428 2213 tranasse
439 2148 545 2228 lacus,
558 2147 769 2237 Stygiamque
780 2147 953 2235 paludem,

61 2245 100 2308 Dt
113 2262 201 2312 terra
212 2265 312 2340 atque
324 2255 406 2318 mari
417 2255 557 2319 subiisse
567 2253 731 2340 pericula,
744 2253 851 2317 multo

61 2353 110 2416 llli
123 2370 196 2419 erat
208 2357 334 2438 utilius,
349 2381 448 2449 quarn
461 2359 569 2425 dulcia
581 2381 732 2446 carpere,
746 2357 851 2423 nardo

58 2460 204 2549 Tingere
216 2464 316 2529 molle
328 2483 441 2554 caput,
454 2467 555 2556 Tyrio
568 2463 801 2553 splendescere
813 2465 848 2528 in
860 2477 961 2528 ostro.

60 2568 124 2631 lsta
137 2568 201 2634 sub
214 2573 370 2660 exemplis
382 2571 497 2638 alienis
509 2571 667 2637 admonet
678 2593 765 2635 unus

60 2674 118 2740 llle
131 2694 308 2765 poetarum
321 2681 470 2772 egregius
479 2703 681 2770 morumque
690 2679 859 2767 magister.

60 2783 147 2848 Huic
159 2800 272 2848 tamen
283 2784 416 2876 adjicies
427 2787 528 2852 alium
540 2809 594 2851 me
601 2783 716 2878 judice
728 2801 833 2864 recte,

59 2889 119 2952 Cui
131 2889 204 2980 lyra
216 2889 340 2980 grande
351 2909 459 2974 sonat,
474 2895 528 2958 cui
540 2892 685 2958 barbitos
697 2913 798 2956 aurea
805 2886 927 2980 fulget,

58 2998 195 3087 Quique
208 3021 323 3064 omnes
335 2999 409 3090 vitae
421 3001 527 3088 pinxit
538 2997 686 3064 ludendo
699 2998 837 3064 colores
935 3029 938 3032 ·

57 3103 159 3185 Quod
172 3127 242 3168 non
252 3102 389 3170 audebit
401 3119 495 3193 pater
507 3121 541 3169 et
552 3105 710 3192 pallescet
719 3105 845 3169 amicus

59 3211 182 3276 Dicere
196 3227 368 3300 peccatum
379 3236 387 3276 t
398 3233 459 3276 seu
470 3210 565 3300 plebs
576 3212 635 3290 sis,
650 3213 718 3276 sive
728 3225 868 3300 potente

59 3321 165 3386 Natus
178 3341 272 3408 rege,
285 3320 394 3407 palam
406 3319 467 3384 tibi
479 3321 640 3409 proferet,
654 3335 754 3410 atque
767 3318 802 3381 in
813 3329 964 3404 apertum

59 3428 180 3508 Eruet,
195 3427 407 3515 excutietque
419 3429 548 3491 animos
561 3425 622 3492 sub
634 3425 735 3514 vulpe
746 3423 886 3486 latentes
898 3445 905 3484 :

60 3535 100 3598 Et
113 3555 218 3622 quam
230 3532 274 3598 sis
286 3534 407 3621 turpis,
418 3534 497 3598 lieet
509 3553 590 3598 auro
601 3531 716 3607 restis,
730 3527 808 3592 Eois

58 3642 187 3704 Dextra
198 3639 283 3703 nitet
295 3641 448 3728 gemmis,
462 3641 607 3705 detracta
619 3635 721 3728 pelle,
735 3632 879 3705 docebit.

58 3746 197 3834 Derogo
210 3743 258 3808 nil
269 3743 355 3826 aliis,
370 3771 454 3836 quos
466 3745 577 3812 laudat
588 3745 689 3824 lama,
702 3743 810 3836 poetis
823 3767 829 3805 :

55 3851 188 3917 Verum
199 3846 262 3916 hos
275 3851 376 3919 credo
389 3854 491 3942 magis
506 3851 618 3918 divino
631 3849 766 3916 nomine
780 3845 907 3934 dignos.

525 4021 663 4038 *fl-
