2704 4582
326 311 379 374 ru
402 306 636 378 AEumnos
660 314 752 376 mn.
777 315 815 378 x.
1047 322 1087 414 99

91 421 150 499 405.
175 427 351 511 Aptissima
371 436 560 514 comparatio
582 434 621 493 ad
642 435 875 515 exprimendam
894 441 1041 504 virtutem
1060 463 1090 508 et

64 512 187 575 ardorem
199 521 366 580 Arcadum
378 525 585 603 grassantium
598 521 662 582 dire
674 525 709 582 in'
720 523 838 600 hostes,
853 529 944 590 sicuti
957 518 1090 598 flamme

65 599 148 661 solent
158 607 189 664 in
202 609 341 689 sylvam.
359 612 504 693 Expende
516 612 639 692 aliqua:
659 613 704 670 ait
718 627 829 694 optato,
853 618 923 696 quia
943 621 975 678 in
987 635 1091 686 aestate

64 681 111 748 hoc
122 692 198 754 solet
210 719 276 770 esse
292 713 420 776 votum,
434 715 470 759 ut
483 703 566 760 venti
584 703 742 759 oriantur:
756 717 853 782 pastor
865 707 994 770 immittit
1006 713 1093 792 sylvis

64 777 192 857 incendia,
207 807 276 846 non
291 788 384 848 aliter
395 811 431 849 ac
444 788 544 848 Pallas
558 791 700 850 ardorem
712 793 774 850 suis
787 792 955 872 militibus3
970 816 1001 860 et
1018 807 1092 882 quia

63 876 236 949 comparatio
250 880 391 957 petenda
402 893 477 938 esset
491 901 508 938 a
525 878 677 952 flammis,
697 878 766 938 ideo
785 882 933 960 praeelare
951 896 1091 968 praemis·

65 973 132 1032 sum,
144 963 279 1025 Arcadas
291 989 429 1028 accensos
441 970 572 1028 utonitu:
589 970 633 1027 ait
645 970 720 1026 acics
733 968 894 1046 Vulcania,
909 990 938 1034 et
950 976 1016 1040 haec
1029 981 1094 1043 lior·

65 1045 126 1120 tilla,
141 1065 170 1112 et
183 1075 237 1132 per
250 1055 329 1116 latos
340 1079 472 1138 compos,
491 1061 564 1138 quia
577 1059 657 1116 acies
670 1057 822 1118 Arcadum
835 1083 905 1121 oum
918 1063 1047 1130 horrore
1062 1075 1095 1132 in

66 1129 152 1198 hostes
163 1143 306 1223 ingruit:
329 1162 358 1206 et
371 1149 443 1228 quia
457 1148 575 1227 ubique
589 1161 723 1228 grassata
736 1149 848 1224 caedes,
869 1152 940 1214 ideo
953 1157 1096 1222 incendia

68 1219 185 1302 diuersa,
208 1246 239 1291 et
254 1247 391 1308 ‚exterum
409 1238 559 1307 Demum,
583 1237 655 1314 quia
673 1234 828 1294 Arcadum
845 1241 932 1300 uirtus
951 1249 1044 1304 omnis
1065 1251 1096 1308 in
1158 1310 1163 1314 ,

68 1330 139 1372 urum
149 1321 223 1392 coit,
240 1319 316 1382 ideo
330 1322 510 1382 incendium
524 1325 638 1402 incipit
649 1326 783 1404 correptis
794 1326 903 1386 mediis.

96 1395 154 1471 lu.
175 1405 361 1487 Sequuntur
381 1409 484 1470 Halesi
506 1409 613 1478 Rutuli
634 1407 792 1470 facinora:
818 1416 892 1494 quia
915 1415 994 1477 bellis
1014 1443 1096 1496 ocer,

68 1483 121 1544 ideo
133 1493 218 1553 tendit
231 1498 264 1554 in
276 1495 427 1556 adversos:
441 1510 471 1554 et
482 1509 558 1554 nota
569 1513 665 1575 genus
678 1499 885 1578 oppositionis
897 1505 1028 1580 mirum,
1043 1513 1098 1590 qui

69 1575 155 1650 tendit,
170 1581 237 1640 isse
250 1582 369 1666 collipit
384 1588 415 1644 in
426 1605 479 1646 sua
490 1607 583 1643 amru.
597 1585 653 1644 Sed
666 1605 734 1664 quae
747 1587 812 1665 ejus
823 1589 929 1668 gesta?
941 1593 1012 1652 Tres
1025 1617 1096 1658 con-

66 1662 131 1738 ficte
149 1685 261 1748 quarto
277 1687 423 1754 amputat
438 1673 573 1732 dextram
590 1673 702 1734 elatam
718 1678 750 1734 in
762 1677 925 1757 jugul'un1;
946 1685 1047 1762 quinti
1062 1708 1096 1746 os

67 1759 212 1816 contundit
224 1782 326 1837 saxo,
341 1761 491 1843 dispergit
504 1761 570 1840 ejus
583 1782 653 1820 ossa
668 1764 878 1824 etcerebrum.

96 1838 155 1922 [μγ.
165 1847 274 1908 Halesi
288 1863 386 1928 pater,
397 1849 533 1909 fatorum
545 1852 643 1908 sciens
654 1865 683 1908 et
692 1849 835 1927 divinus,
847 1853 947 1915 filium
958 1861 1095 1943 in'sylvis

69 1932 284 1997 occultaverat:
307 1953 342 1996 ut
361 1939 414 1998 ille
432 1939 529 2012 obiit,
548 1937 612 2019 jam
631 1953 698 1998 tum
714 1942 830 2017 Parcae,
852 1945 964 2024 injecta
984 1935 1098 2030 manu,

71 2019 139 2096 quod
148 2043 237 2082 suum
247 2039 318 2084 erat
327 2027 544 2099 vindicarunt,
558 2047 593 2084 ac
605 2026 738 2094 Pallanti
751 2030 945 2093 tradiderunt
956 2039 1099 2100 occiden-

70 2106 147 2168 dum:
168 2113 279 2194 itaque
298 2116 445 2174 Halesum
462 2116 563 2176 Pallas
580 2119 652 2196 petit
667 2117 763 2176 veluti
781 2120 838 2178 sibi
855 2119 924 2200 jure
941 2125 1099 2206 debitum,

71 2203 206 2276 praemissa
219 2218 330 2262 tamen
346 2207 487 2264 oratione
501 2204 540 2264 ad
554 2205 721 2285 Thybrim,
738 2206 798 2266 loci
811 2208 908 2285 illius,
923 2214 975 2272 ubi
993 2225 1100 2300 pugna

73 2292 324 2366 committebatur,
337 2295 448 2352 Deum.
794 2328 798 2338 ·
832 2329 833 2332 ¹
875 2328 879 2380 Ι
963 2323 967 2335 ·

101 2373 159 2447 liar.
170 2381 252 2439 Petit
267 2380 369 2438 Pallas
382 2403 399 2438 a
410 2379 528 2462 Thybri
541 2382 663 2440 felicem
677 2384 792 2442 exitum
806 2383 898 2463 liujus
911 2397 1099 2469 congressio-

74 2462 127 2534 nis,
140 2478 166 2522 et
178 2465 348 2546 pollicetur
362 2466 535 2547 tropliaeum
549 2491 554 2525 :
573 2467 660 2528 audit
672 2471 770 2530 Deus:
791 2472 897 2551 itaque
910 2494 1100 2557 'occupatum

75 2549 205 2615 Halesum.
219 2559 257 2614 in
274 2555 440 2636 spoliando
455 2560 599 2632 Imaona,
614 2579 649 2619 ac
663 2559 793 2640 proinde
808 2561 873 2620 sine
886 2577 972 2623 scuto
988 2568 1020 2626 in
1033 2589 1103 2650 pec-

103 2742 155 2807 408.
164 2745 239 2798 Acies
249 2746 278 2799 V
275 2709 395 2797 ulceniai
401 2746 493 2816 Inepte
503 2745 561 2798 Ser·

77 2823 134 2884 vinu
147 2849 157 2871 u
166 2825 198 2878 de
205 2829 271 2898 igne
280 2828 363 2877 aciem
372 2825 474 2890 dicere,
483 2829 561 2879 nimis

77 2903 237 2976 incongruum
246 2919 306 2958 estn
319 2927 324 2955 ι
335 2907 415 2956 immo
422 2907 499 2958 nimis
504 2925 563 2977 poe·

79 2983 127 3047 tice,
144 2987 176 3036 ait
191 2985 346 3058 Erythraeus
359 2988 501 3038 verissime.
521 2987 563 3036 An

79 3061 197 3116 insolitum
211 3061 268 3131 est,
287 3078 316 3116 ut
328 3066 395 3136 ignis
404 3075 516 3137 puplici,
537 3079 563 3117 et
593 3065 595 3070 ⁴

79 3139 142 3196 lastis
149 3139 196 3196 sit?
204 3144 321 3208 deinde,
331 3163 421 3196 noune
432 3145 499 3215 ignis
507 3162 564 3194 'om-

80 3224 115 3274 nia
127 3224 244 3278 devastat
260 3223 343 3276 veluti
357 3224 504 3276 hostiliter?
517 3241 571 3276 cur·

80 3319 124 3354 uon
133 3324 190 3377 ergo
201 3306 307 3362 dicetur
316 3305 397 3357 acies?
407 3317 433 3355 et
444 3322 507 3356 sane
518 3305 564 3374 qui

81 3379 165 3436 diceret
171 3386 311 3436 exercitum
312 3384 495 3460 flemmarum,
503 3402 566 3452 poe·

82 3462 122 3514 tice
141 3465 285 3518 admodum
306 3465 469 3535 loqueretur,
502 3463 566 3514 lude

83 3540 171 3596 Sallust.
184 3549 290 3618 Jugurt.
315 3567 325 3590 u
336 3545 391 3615 igni
400 3551 469 3614 'ager
479 3556 567 3594 vasta⁴

83 3620 155 3674 batur.
166 3649 176 3672 ι
187 3628 280 3676 Tertio
288 3663 296 3689 ,
305 3643 416 3675 acumen
424 3635 463 3674 est
471 3625 498 3674 in
505 3642 568 3693 poe·

84 3713 106 3751 ta
115 3722 142 3754 ex
154 3707 276 3758 acumine
286 3705 370 3774 ignis:
384 3705 484 3773 quippe
497 3703 568 3753 acies

84 3780 143 3836 dicta
154 3787 184 3837 ab
195 3789 288 3838 fronte
302 3796 380 3836 acuta
390 3786 418 3834 in
431 3797 512 3854 quam
522 3782 569 3834 de

85 3863 148 3930 linit,
159 3885 219 3919 nam
233 3886 267 3917 ea
279 3867 368 3916 forma
377 3865 444 3914 solet
456 3863 571 3915 colloca-

84 3942 120 3990 ri:
138 3957 213 4016 atque
233 3945 303 4016 ignis
321 3945 400 3994 etiam
419 3945 571 3996 acuminata

85 4033 117 4070 est
131 4024 227 4092 forma,
246 4023 340 4075 Graece
354 4022 416 4090 arip:
435 4024 515 4073 immo
536 4022 570 4074 ab

606 2747 653 2798 illo
664 2749 815 2800 acuminata
825 2751 965 2814 omnia,ut
972 2757 1103 2824 pyramis,

606 2846 713 2899 pyrum,
733 2829 858 2898 pyriuaeir
879 2849 995 2900 congrue
1013 2837 1103 2905 itaque

606 2907 672 2958 acies
683 2904 812 2958 Vulcania
822 2925 882 2964 num
896 2924 1020 2976 respectu
1033 2925 1058 2962 et
1071 2915 1105 2966 ad

607 2987 722 3036 formam
741 2986 822 3054 ignis,
841 2997 867 3036 et
883 2986 1021 3054 militiam,
1043 3010 1105 3044 nam
1182 3000 1184 3009 ’

607 3067 647 3117 vis
660 3065 741 3136 ignis,
753 3065 835 3114 veluti
845 3067 974 3117 exercitus
987 3081 1026 3119 est
1038 3071 1104 3121 Vul-

608 3148 676 3198 cani.
696 3145 803 3196 Plautus
823 3139 972 3196 violentiam
994 3149 1106 3208 Vulcani

609 3205 683 3278 diiii.
695 3227 765 3280 cera
780 3239 806 3276 a
820 3226 899 3279 Tali.

644 3309 704 3373 418.
725 3307 848 3357 fauentia
861 3305 969 3357 lumina.
985 3306 1038 3360 Aut
1054 3313 1105 3384 Hy-

609 3385 727 3456 pallage,
740 3403 789 3454 pro
803 3385 854 3454 ipse
863 3403 970 3436 cancus:
985 3400 1030 3438 aut
1040 3389 1108 3462 phy.

612 3467 693 3518 sioum
712 3483 767 3513 rem
791 3462 870 3514 dicit:
891 3463 1016 3516 dicuntur
1037 3472 1107 3521 enim

611 3542 719 3615 pupilla
731 3544 822 3592 mortis
834 3555 953 3612 tempore
963 3545 1107 3600 albescere,¹

614 3652 616 3658 ι
648 3623 708 3690 419.
736 3623 847 3693 Injecerc
874 3641 981 3673 murrum
1010 3627 1106 3679 Porcoe.

613 3703 760 3754 Traxerunt
768 3701 960 3754 debitumsibi:
972 3716 998 3754 et
1008 3723 1110 3758 ,sarmo-

615 3801 647 3834 ne
658 3799 720 3832 usus
731 3793 769 3832 est
776 3783 843 3850 juris
853 3804 858 3832 :
870 3801 932 3832 nam
947 3791 1111 3838 «mannaim

613 3861 694 3930 jectio
705 3859 811 3927 dicitur,
821 3863 925 3930 quoties
932 3861 1005 3913 nulla
1012 3865 1111 3932 judicis

616 3943 772 3994 auctoritate
786 3953 950 4012 exspectata,
966 3960 1021 3993 rem
1033 3945 1110 3998 nobit

616 4019 733 4072 debitam
742 4021 915 4072 vindicamus.
928 4021 1019 4072 rtem.

945 4123 969 4174 7.
