2726 4592
507 266 716 336 saunas.
1072 277 1134 366 375

88 413 166 454 num
179 403 209 454 et
220 390 432 454 Alexandrum
443 388 604 468 Severum,
618 403 648 451 et
659 395 832 476 Augustum
846 397 969 478 ipsum,
985 402 1136 482 qui'mag·

88 485 121 542 ni
137 484 281 546 fecerunt
291 483 474 563 Virgilium:
485 503 557 542 vere
572 483 655 542 enim
670 482 790 544 Plinius
808 484 886 546 dixit
904 486 1026 548 lib.VIl
1041 493 1138 549 maxi-

88 591 174 632 mam
194 572 322 634 laudem
340 572 504 652 contigisse
515 569 648 651 Virgilio
668 589 704 630 ex
720 573 901 634 testimonio
915 577 1062 658 Augusti:
1081 595 1137 636 ne·

89 683 149 742 que
171 664 257 724 enim
276 665 434 744 Augustus
454 661 556 722 solum
577 661 610 720 in
626 658 711 722 bello
733 664 930 744 sapiens,ut
950 663 1138 742 Alexander,

88 750 193 815 sedin
211 773 244 812 re
262 753 507 833 omnisapiens:
529 752 635 832 itaque
656 752 814 812 neminem
832 753 1005 814 Alexandro
1026 754 1138 816 melius

89 862 254 923 opponas,
275 863 371 924 quam
388 845 574 922 Augustum.
594 839 642 900 Ad
660 839 727 902 baec
746 841 941 919 Hadrianus,
962 837 1140 905 Gordianus

89 946 199 1002 senex,
218 930 396 993 Antoninus
415 928 646 1002 Diadumenus,
667 927 795 991 Clodius
815 929 966 1008 Albinus,
982 933 1142 1006 Tetricus,

89 1015 296 1098 Imperatores
306 1018 432 1098 Virgilii
445 1037 548 1080 versus
562 1015 758 1078 advocabant
770 1017 810 1080 ad
820 1039 883 1080 rem
895 1041 998 1094 suam,
1008 1039 1074 1080 non
1083 1020 1142 1081 mi·

90 1124 149 1164 nus
172 1127 268 1188 quam
286 1109 462 1168 Homerum
481 1107 581 1168 Graeci
602 1108 779 1189 principes:
800 1119 830 1168 et
851 1129 923 1168 sane
942 1109 1046 1190 plures
1067 1120 1142 1166 sunt

89 1195 249 1278 principes
256 1199 512 1280 latinorum,qui
520 1197 687 1280 Virgilium
695 1198 949 1280 magnifacerint,
956 1219 1051 1280 quam
1058 1197 1142 1257 Grae·

90 1285 134 1357 ci,
157 1288 213 1366 qui
229 1289 412 1349 Homerum.
431 1290 554 1350 Omitto
573 1290 749 1371 principes,
768 1309 864 1371 pergo
880 1289 919 1350 ad
936 1301 1059 1372 poetas:
1082 1306 1141 1368 pro

91 1371 262 1452 Sophocle,
278 1378 442 1458 Euripide,
456 1375 612 1452 Pindaro,
626 1379 796 1460 Apollonio
806 1424 814 1454 ,
826 1379 888 1459 qui
896 1379 1076 1436 Homerum
1090 1392 1142 1433 ve-

90 1465 190 1525 nerati
202 1507 211 1539 ,
225 1465 328 1527 offero
338 1468 525 1542 Horatium,
543 1468 727 1548 Papinium,
745 1468 870 1544 Silium,
888 1469 1067 1542 Lucanum,
1087 1465 1145 1544 qui

91 1551 414 1632 Virgilianoscineres
426 1557 604 1618 habuerunt
616 1577 673 1640 pro
686 1558 853 1640 magistro,
868 1558 1044 1638 quibusque
1057 1556 1144 1614 inca·

92 1637 202 1702 lebant
223 1643 264 1704 ad
283 1648 431 1716 carminis
453 1644 689 1706 sublimitatem.
713 1649 743 1706 Si
757 1646 905 1729 ¹proferas
924 1647 1073 1706 Latinum
1091 1641 1147 1701 ali·-

94 1751 203 1816 quem,
217 1738 273 1816 qui
287 1757 359 1797 cum
377 1738 481 1818 elogio
502 1739 624 1798 locutus
643 1751 688 1798 est
706 1737 744 1800 de
762 1741 919 1810 Homero:
937 1734 1064 1818 profero
1084 1731 1146 1792 tibi

93 1819 265 1884 Eusebium
281 1827 516 1902 Caesariensem,
538 1827 640 1908 quiin
655 1827 718 1886 vita
734 1825 933 1886 Constantini
947 1823 1147 1885 assumituo·

94 1928 167 1968 rnen
179 1908 302 1994 Virgilii
315 1937 387 1982 cum
399 1916 518 1997 «grandi
535 1936 656 1998 semper
674 1915 788 1996 elogio.
806 1916 892 1990 Dixi,
910 1933 972 1994 quo
984 1915 1025 1972 ¹iu
1039 1909 1147 1992 pretio

94 1996 266 2061 habuerint
277 2005 445 2086 Virgilium
460 2007 628 2086 sapientes,
645 2007 817 2087 principes,
834 2016 945 2086 pnetoe.
959 1999 1081 2062 Addam
1094 1995 1147 2056 hic

91 2083 136 2146 ab
156 2090 232 2170 ipsis
250 2092 317 2152 Diis
336 2095 370 2154 in
389 2093 511 2154 bonore
528 2093 690 2168 habitum3
713 2115 788 2154 nam
807 2095 872 2172 ejus
890 2091 1030 2166 uersibus
1050 2099 1148 2161 ⁵0¹1&

94 2192 169 2238 sunt
181 2177 260 2240 datae
272 2187 392 2264 magnis
404 2185 659 2265 principibus,et
669 2183 722 2241 Dii
736 2183 794 2263 ipsi
807 2180 905 2240 locuti
915 2191 993 2238 sunt
1002 2173 1148 2255 Virgilia-

95 2265 145 2325 nis
156 2267 294 2330 versibus
304 2295 312 2330 :
323 2271 360 2332 de
370 2271 507 2342 sortibus
516 2271 695 2353 exemplum
702 2283 748 2340 cst
758 2273 791 2330 in
797 2268 1014 2342 Hadriano,et
1022 2265 1149 2334 Alexan·

96 2352 155 2414 dro
165 2357 295 2418 Mameae
305 2358 500 2422 filio..Primo
510 2381 575 2420 sors
585 2361 709 2440 imperii
722 2359 797 2418 exiit
805 2356 868 2416 illis
878 2354 1034 2426 versibus,
1047 2375 1060 2405 o
1071 2351 1149 2426 Quis

96 2447 206 2526 procul
219 2449 273 2508 illc
286 2463 390 2510 autem
400 2454 494 2512 ramis
506 2451 637 2532 insignis
649 2449 739 2508 olivae
748 2493 756 2524 ,
766 2474 779 2504 a
793 2461 826 2526 et
835 2445 974 2526 reliquis.
988 2440 1100 2514 Alteri,
1111 2437 1149 2497 il·
1244 2441 1246 2444 ’

96 2531 130 2592 lo
146 2557 153 2592 ι
177 2560 191 2590 ιι
204 2537 234 2595 si
254 2559 315 2618 qua
334 2537 397 2598 fata
412 2561 519 2622 aspera
537 2559 683 2622 rumpas,
698 2540 746 2597 Tu
762 2532 1006 2621 Marcelluseris
1020 2552 1055 2601 :n
1072 2525 1150 2588 Intle

96 2635 195 2683 sortes
212 2627 394 2708 Virgilianae
411 2631 442 2688 in
456 2629 661 2711 proverbium
676 2625 794 2700 abiere;
809 2645 887 2692 ‚nam
903 2635 1010 2704 aperto
1026 2616 1151 2699 Virgilii

97 2710 222 2789 codice,
238 2708 433 2778 occurrentes
446 2739 553 2779 versus
568 2717 805 2778 assumebantur
820 2717 852 2774 in
867 2705 970 2780 omen.
983 2711 1030 2776 De
1043 2730 1103 2790 qua
1119 2727 1151 2766 re

97 2799 169 2882 lege
183 2805 200 2862 J
203 2824 336 2864 oannem
346 2807 530 2890 :Fungerum
544 2813 577 2876 in
589 2807 820 2890 Etymologico,
831 2805 877 2864 De
885 2799 1021 2872 ,oraculis
1032 2800 1067 2864 ,in
1076 2797 1151 2866 ‚Clo-

74 2951 76 2956 ,
99 2889 154 2950 dio
168 2887 300 2973 Albino,
313 2897 363 2955 cui
376 2899 510 2966 Baianus
521 2897 636 2978 Apollo
647 2891 833 2978 respondit:
884 2961 886 2967 Ι

207 3019 258 3070 Hic
270 3037 326 3072 reru
337 3022 487 3076 Romanam
499 3040 596 3093 magno
609 3021 735 3076 turbante
746 2995 863 3074 tumultu
878 3053 881 3060 ν

208 3098 287 3151 Sistet
300 3119 396 3171 eques,
409 3113 510 3154 sternet
517 3102 632 3168 Poenos,
643 3092 951 3169 Gallumquerebellem.

100 3213 244 3274 Aurelius
259 3216 408 3278 Claudius
423 3217 588 3277 consulens
601 3216 640 3276 de
654 3215 746 3294 filiis,
757 3227 943 3296 responsum
958 3207 1073 3286 accepit
1085 3222 1152 3265 rer·

101 3323 141 3363 su
153 3303 230 3365 illo:

211 3429 258 3480 His
271 3449 320 3504 ego
333 3449 383 3484 nec
396 3446 480 3485 metas
493 3449 596 3498 rerum,
608 3449 659 3482 nec
671 3443 794 3500 tempora
805 3439 887 3496 pono·

102 3545 245 3621 Possem,
263 3569 332 3628 quaa
345 3549 427 3624 disi,
439 3550 580 3634 probare
599 3545 760 3630 pluribus,
781 3541 834 3606 sed
855 3540 970 3602 horum
988 3537 1154 3603 sententias

98 3633 292 3715 jam-partim
305 3636 434 3712 adduxi,
447 3639 561 3720 partim
573 3653 694 3698 reservo
708 3629 747 3696 ad
760 3631 878 3712 reliqua
891 3628 1006 3708 elogia,
1021 3643 1153 3707 quaesu·

101 3737 245 3806 Pessum,
256 3737 288 3786 et
302 3728 334 3786 in
349 3747 417 3806 quae
431 3726 538 3808 digero
549 3723 672 3806 Virgilii
685 3725 857 3805 praeconia,
872 3715 911 3782 ad
925 3736 994 3798 qna:
1005 3728 1076 3797 post
1087 3714 1156 3777 lon·

103 3831 179 3890 gum
190 3829 353 3878 excursum
364 3813 473 3876 redeo:
484 3814 673 3896 etquoniam
682 3809 805 3872 ostendi
812 3808 894 3888 jam,
902 3801 1053 3886 majorem
1060 3802 1155 3864 fuisse

103 3902 263 3979 Homero,
277 3915 388 3978 restat,
402 3916 438 3964 ut
449 3899 672 3988 consequenter
681 3902 758 3964 dem
770 3899 818 3962 illi
831 3897 1099 3977 victoriamsupra
1113 3913 1159 3952 re·
1247 3934 1252 3944 .

103 3989 210 4073 liquos
222 3991 417 4056 Graecorum.
