2720 4588
274 344 337 422 242
601 323 982 398 counuummt

273 483 332 524 nus
353 459 479 519 desiluit
498 472 613 516 curru:
636 475 745 516 saxum
767 475 836 516 cum
857 469 1070 530 nocumento;
1091 477 1165 516 narn
1185 456 1312 516 involvit

271 549 380 632 syleas,
393 559 538 618 amenta,
559 547 651 616 uiros3
662 547 786 605 Turnus
805 567 875 606 cuin
890 548 1009 628 ingemi
1028 560 1128 628 strage
1141 567 1192 629 per
1202 543 1312 628 disjecta

270 642 400 721 agmina.
407 637 606 697 Concurrunt
617 653 716 694 eausoe
724 635 832 696 multae
841 636 981 695 convulsi
993 639 1066 711 saxi,
1078 637 1194 696 scilicet
1203 649 1312 707 uentus,

271 727 374 800 imber,
396 737 534 784 vetustas:
562 721 661 782 multa
686 743 813 803 quoque
833 725 973 796 Turnum
991 724 1156 806 impellunt
1175 724 1212 782 ad
1236 722 1312 781 hanc

269 814 541 899 praecipitantium,
553 811 648 894 pudor
656 815 687 871 in
701 811 801 885 corde,
815 815 931 871 insania
945 833 1012 872 cum
1024 811 1118 888 luctu,
1129 811 1312 894 umorfurio·

267 929 330 981 sus,
340 908 430 964 virtus
441 905 556 962 corueia
567 927 575 961 :
588 901 713 960 dunum
728 901 853 960 avulsus
864 900 1010 982 scopulus
1022 901 1148 963 exsultat
1156 899 1231 972 solo,
1243 914 1310 958 tan·

268 1015 362 1077 quam
377 993 511 1075 gloriose
525 992 635 1066 victor,
649 1003 677 1048 et
689 988 769 1048 nihil
783 992 907 1049 timens:
921 992 1045 1050 Turnus
1059 990 1262 1050 audacissime
1274 987 1312 1046 ad

266 1084 371 1144 locum
396 1081 486 1140 illurn
501 1082 601 1154 venit,
623 1080 677 1138 uhi
697 1076 799 1158 major
816 1078 991 1153 conflictus,
1010 1094 1161 1160 tanquam
1180 1077 1257 1138 nihil
1278 1079 1313 1136 ti-

268 1181 365 1232 meat:
384 1167 515 1229 exsultat
531 1169 615 1227 enim
637 1169 717 1226 inter
730 1165 891 1226 hastilium
908 1165 1070 1241 stridores,
1090 1179 1119 1226 et
1138 1169 1193 1227 ubi
1215 1167 1313 1246 major

267 1260 428 1341 sanguinis
441 1257 508 1316 fusa
522 1259 622 1337 copia.

305 1351 374 1429 692.
388 1349 445 1405 Via
460 1346 602 1417 accessit,
619 1361 714 1423 quum
734 1363 830 1402 manu
848 1343 1047 1424 significavit,
1061 1353 1158 1402 ct‘ore
1170 1343 1315 1401 inclama-

265 1440 312 1498 ris
326 1437 364 1497 ad
382 1434 531 1508 Rutulos,
545 1448 578 1491 ut
592 1432 676 1492 ferro
695 1446 872 1515 parcerent3
893 1432 931 1492 ad
946 1433 1090 1508 Latinos,
1106 1444 1141 1492 ut
1154 1433 1216 1491 tela
1231 1431 1312 1491 inhi-

264 1527 387 1597 berent3
396 1541 483 1580 suam
495 1540 574 1594 esse,
586 1541 651 1578 non
664 1519 807 1595 illorum,
821 1519 1079 1593 santonorum,
1091 1517 1242 1578 luendum
1257 1521 1311 1580 sibi

263 1613 382 1684 foedus,
395 1610 623 1670 decernendum
638 1601 720 1668 lerro
732 1633 739 1668 :
752 1623 875 1690 parent3
887 1609 1049 1670 discedunt
1059 1631 1066 1681 ;
1077 1607 1152 1666 dant
1165 1610 1311 1689 spatium.

263 1697 420 1782 Estfoedus
436 1695 529 1768 luere,
544 1695 630 1754 luere
644 1715 752 1775 poenas
770 1693 886 1754 foedere
900 1697 1082 1754 constitutas
1099 1695 1133 1753 in
1148 1708 1311 1776 transgres-

262 1808 347 1850 sores
368 1785 504 1846 foederis
519 1784 651 1842 Notetur
671 1782 765 1857 illud,
786 1803 893 1865 muqno
914 1805 979 1856 ure,
998 1803 1071 1864 pro,
1090 1803 1163 1843 voce
1182 1803 1309 1864 magna:

262 1876 342 1936 nihil
355 1876 438 1934 enirn
451 1871 575 1930 triviale
587 1873 687 1930 Maro.

301 1968 370 2048 697.
384 1965 429 2021 En
446 1961 510 2043 jam
528 1980 648 2020 summa
664 1973 812 2020 votorum
830 1963 946 2036 AEncae,
961 1957 1068 2022 Turno
1085 1981 1261 2037 occurrere;
1274 1983 1308 2022 ac

261 2077 326 2118 rem
346 2054 507 2112 decernere
526 2048 675 2130 singulari
691 2051 875 2110 certamine:
896 2071 984 2132 ergo,
999 2065 1033 2111 ut
1052 2051 1156 2116 adesse
1167 2055 1307 2111 Turnum

260 2144 395 2216 audivit,
410 2141 517 2204 statim
534 2157 639 2197 muros
659 2152 688 2197 et
708 2153 805 2197 turres
824 2137 951 2213 deserit,
983 2161 1058 2220 quas
1082 2139 1308 2220 oppugnabat;

261 2231 418 2312 abrumpit
434 2230 557 2309 incepta
577 2225 674 2302 hella3
695 2229 801 2286 omnia
822 2229 1009 2310 precipitau
1032 2229 1139 2287 laetitia
1159 2228 1308 2302 exsultat,

259 2327 358 2382 immo
373 2317 564 2379 horrendum
585 2319 616 2376 in
632 2317 760 2404 modum
776 2320 869 2377 armis
886 2321 1011 2378 intonat
1025 2320 1059 2378 in
1074 2320 1223 2377 miserum
1235 2319 1309 2376 Tur·

259 2407 513 2488 num.Expendit
524 2404 627 2465 locum
642 2407 738 2465 istum
750 2406 828 2466 Scal.
845 2403 899 2464 lib.
916 2407 943 2466 3.
959 2409 1044 2466 Poet.
1058 2427 1123 2487 cap.
1139 2425 1183 2465 12.
1199 2403 1309 2486 rejicit·

258 2519 319 2579 que
327 2497 365 2555 ad
374 2497 678 2576 magnanimitatem,
688 2516 758 2576 quae
767 2494 847 2555 nihil
856 2495 1015 2555 sordidum
1025 2497 1159 2576 patitur:
1171 2493 1308 2554 habebat

257 2585 321 2666 jam
344 2605 433 2664 paene
455 2585 565 2642 AEncas
584 2597 792 2662 expugnatam
815 2584 940 2656 urbem,
963 2597 1116 2644 ettamen
1141 2583 1305 2642 victoriam

257 2692 346 2756 paene
357 2693 373 2732 e
385 2670 528 2730 manibus
537 2672 659 2744 deserit,
669 2687 704 2731 ut
714 2694 786 2732 curn
796 2672 884 2732 hoste
894 2673 1066 2732 fortissimo
1075 2673 1305 2755 congrediatur,

256 2774 285 2822 et
304 2761 413 2844 praelio
429 2760 555 2842 quidem
576 2761 723 2842 ancipiti:
745 2764 864 2841 itaque,
882 2762 992 2821 audito
1014 2765 1303 2836 tantumnomiue,

255 2855 362 2914 omnia
372 2853 503 2919 omitum
513 2865 543 2911 et
552 2853 713 2932 postponit
722 2865 833 2911 certam
843 2854 1003 2912 victoriam
1019 2854 1146 2912 incertae
1157 2852 1302 2912 fortune.

296 2955 363 3024 7o1.
382 2941 533 3016 Adverte,
559 2943 681 3015 Lector3
704 2955 796 3021 poeta
816 2956 1049 3022 comparaverat
1069 2944 1212 3001 Turnum
1235 2963 1303 3002 curn

253 3046 341 3110 parte
361 3033 489 3099 montis,
513 3027 656 3086 videlicet
671 3048 742 3085 cum
759 3049 836 3110 rupe
855 3029 959 3088 avulsa
976 3029 1014 3088 de
1032 3032 1152 3090 *montis
1172 3031 1301 3088 vertice:

254 3135 320 3176 eece
332 3117 397 3197 jam
411 3119 534 3186 AEneas,
554 3117 608 3196 qui
626 3116 740 3175 'virtute
758 3119 865 3176 Turno
886 3119 987 3178 multo
1007 3119 1223 3199 praestantior,
1240 3139 1303 3177 non

253 3225 325 3263 cum
335 3207 545 3284 montisparte
558 3218 771 3283 comparatur,
785 3207 837 3264 sed
852 3229 922 3266 cum
934 3221 1042 3266 monte
1052 3209 1191 3286 integrm
1205 3209 1302 3265 immo

253 3311 324 3350 cunt
334 3294 433 3352 tribus
442 3292 617 3366 montibus,
626 3307 662 3351 ut
670 3295 747 3352 scias
758 3293 797 3353 ab
805 3297 899 3354 AEnea
908 3308 1030 3356 tantum
1040 3297 1194 3377 superari,
1206 3315 1303 3378 quan·

252 3483 339 3540 cando
359 3485 516 3552 sustulerat,
534 3503 563 3539 ut
577 3467 668 3555 alibi,l
679 3513 690 3536 u
701 3489 751 3563 Cy·
795 3491 881 3543 uirtus.
894 3491 939 3542 Est
950 3491 1030 3541 Pater
1039 3509 1134 3543 nomen
1148 3489 1300 3563 religionis:

251 3567 357 3636 clopum
371 3564 468 3616 educta
482 3570 602 3620 caminis.
614 3591 625 3614 s
637 3571 706 3622 Seru.
795 3569 857 3622 inde
869 3572 1024 3640 Neptunus,
1043 3573 1156 3642 Apollo,
1174 3573 1301 3644 Juppiter

286 3661 346 3714 701.
361 3646 479 3714 Quantus
488 3646 575 3698 Athos.
587 3650 649 3699 flue
659 3662 698 3700 ost
708 3667 751 3701 ve·
795 3649 859 3700 dicti
879 3649 984 3700 Patres:
1007 3669 1086 3723 ergo,
1106 3653 1169 3722 quia
1194 3663 1299 3702 montes

249 3741 280 3798 ta
298 3724 386 3775 lectio.
408 3725 490 3776 Athos
507 3737 594 3778 autem
612 3746 687 3779 mons
712 3743 750 3781 est
795 3727 912 3799 religiosi
934 3731 1084 3794 veteribus,
1109 3731 1171 3782 ideo
1195 3755 1211 3778 -u
1222 3734 1300 3783 Pater

250 3804 374 3874 adjacens
386 3805 519 3869 Thraciae,
536 3809 607 3858 circa
619 3809 748 3860 Lemnum
795 3809 972 3878 Apenninus»
985 3829 991 3861 τ
1006 3812 1044 3862 sic
1057 3813 1120 3882 quia
1133 3823 1159 3862 et
1171 3810 1246 3862 lluvii
1260 3826 1299 3860 re-
1348 3825 1349 3850 1

247 3886 377 3952 insulam,
389 3885 415 3936 in
427 3888 612 3956 promontorio
624 3887 748 3940 Macedo·
792 3888 894 3958 ligiosi,
913 3889 968 3941 uda
980 3909 1065 3956 nunc,
1082 3889 1163 3962 Tybri
1179 3893 1259 3943 Pater
1268 3909 1297 3938 n:

235 3968 304 4034 ¹nia.
321 3995 353 4004 -
368 3965 448 4036 Eryx.
468 3965 562 4017 Sicilia
577 3983 652 4016 mons
665 3985 747 4038 supra
792 3969 885 4019 referri
896 3981 921 4021 et
932 3970 1088 4022 attributum
1099 3983 1190 4041 potest
1199 3971 1235 4021 ad
1246 3987 1299 4021 ma·
1348 3987 1349 4038 j

245 4047 401 4119 Drepanum
407 4044 747 4119 oppidum.-.PuterApeu-
788 4049 924 4116 jestatem,
937 4049 1107 4122 dignitatem,
1119 4049 1261 4103 honorem.
