2742 4596
236 320 299 400 438
595 305 660 376 DE
682 301 916 373 thotntt

467 515 472 526 ι
550 481 596 542 Jo.
612 478 700 540 Pierii
716 475 870 542 Valeriani
879 423 963 534 cbdd

276 642 313 707 V.
326 643 438 706 Ptaeter
450 641 626 710 Vaticanum
637 643 775 704 codicem
788 659 878 720 supra
891 640 1115 706 memoratum,
1126 645 1224 711 quem
1233 621 1287 685 iio*

239 751 359 796 manum
373 754 412 818 ap
437 728 525 810 ellat,
540 733 672 793 aPierio
686 731 800 790 excussi
816 738 904 787 sunt:
1351 719 1352 734 ¹

281 823 377 886 Codex
426 823 561 907 bioupas,
581 844 645 906 quo
664 819 790 902 quidem
805 817 934 878 nomi-ne
955 834 973 871 a
993 809 1095 870 forma
1114 803 1290 866 voluminis

239 911 349 986 ducto,
364 911 402 971 ab
417 914 486 994 ipso
503 911 603 972 Pierio
618 909 813 988 designatur,
832 899 1008 964 minoribus
1028 895 1127 956 literis
1147 902 1286 952 exaratus

139 1056 143 1061 .
239 1013 269 1061 et
285 999 352 1084 ipse
365 1001 535 1063 admodum
548 996 762 1076 vetus,Pierio
775 993 890 1078 judice.
904 989 1060 1070 Pomponii
1075 984 1148 1044 Laeti
1161 979 1289 1039 delicias

240 1101 312 1148 eunt
332 1083 409 1150 oiim
428 1090 537 1166 fuisse,
557 1089 638 1148 idem
655 1087 772 1146 Pierius
791 1091 945 1143 memorat
959 1076 997 1136 ad
1013 1071 1131 1146 ΖΕΗ,
1156 1065 1228 1143 1433
1246 1059 1289 1136 X,

244 1169 315 1252 ¹⁸⁶,
330 1169 403 1256 3453
415 1181 528 1261 Georg.
545 1179 598 1254 IV,
608 1173 681 1251 368,
696 1173 792 1256 fitque
807 1169 885 1231 mihi
903 1159 1082 1251 probabile,
1099 1158 1199 1218 fuisse
1216 1173 1291 1214 eun·

240 1263 328 1341 dem,
343 1281 436 1349 quem
448 1267 616 1350 Episcopus
633 1264 795 1325 Aleriensis
809 1261 839 1319 iu
851 1253 910 1316 Ed.
925 1253 1064 1336 principe
1078 1245 1176 1306 altera
1189 1259 1291 1301 emen·
1351 1303 1352 1326 ¹

241 1355 344 1414 danda
358 1355 561 1417 adhibuerat:
576 1355 614 1414 de
624 1373 686 1436 qua
697 1351 759 1410 vid.
771 1347 828 1408 inf.
839 1341 1065 1406 Adservabatur
1074 1335 1128 1394 itte
1139 1334 1171 1391 in
1182 1327 1293 1390 biblio-

241 1440 331 1504 theca
342 1443 507 1522 Vaticana,
519 1447 551 1506 in¹
563 1467 625 1527 qua
634 1457 739 1504 tamen
751 1439 867 1500 frustra
880 1454 950 1494 eum
965 1425 1124 1512 quaerebat
1135 1418 1293 1480 Bottarius

241 1531 329 1614 prees.
346 1534 384 1593 ad
400 1530 511 1618 fragm.
522 1527 623 1594 Vatia.
638 1533 668 1612 p.
679 1531 716 1589 V.
733 1527 849 1588 Mirum
867 1537 911 1583 est
926 1519 964 1579 de
978 1538 1015 1577 eo
1031 1515 1076 1576 nil
1091 1507 1261 1574 memorari
1277 1523 1292 1562 a

243 1623 319 1683 viris
338 1622 453 1700 doctis,
473 1627 592 1706 quoties
612 1622 649 1681 de
664 1621 753 1680 claris
769 1613 935 1696 Pomponii
950 1605 1109 1669 codicibus
1129 1610 1246 1682 agunt,
1261 1605 1294 1654 ut
1351 1593 1352 1618 ³

244 1707 357 1787 Persii,
373 1707 512 1794 Pompeii
529 1711 627 1786 Festi,
645 1729 684 1768 ne
699 1711 803 1789 Apost.
819 1702 902 1763 Zeno
917 1695 1043 1784 quidem
1060 1691 1137 1752 Diss.
1154 1687 1294 1752 Vossiaae

195 1846 197 1851 .
244 1814 276 1880 P·
291 1796 357 1875 243·
373 1819 417 1882 sq.
432 1801 525 1860 Levat
538 1814 643 1858 tamen
659 1794 845 1855 desiderium
858 1787 949 1850 Pierii
964 1786 996 1843 in
1009 1795 1046 1840 eo
1059 1770 1242 1836 adhibendo
1255 1770 1296 1830 di·

244 1881 382 1967 ligentia.
1128 1909 1129 1912 ,

288 1974 386 2036 Codex
398 1975 632 2060 Lonqobardicus
643 1973 753 2046 Pierii,
768 1991 861 2052 quem
876 1979 938 2027 uon
948 1965 1027 2047 piqct
1036 1955 1188 2029 mamista,
1201 1965 1237 2011 ut
1247 1947 1296 2010 ille

248 2063 286 2123 de
296 2085 333 2123 eo
344 2080 450 2126 monet
458 2066 496 2126 ad
508 2064 641 2126 Bucolic.
650 2064 747 2146 princ.
760 2062 783 2120 A
794 2057 967 2120 charactere
976 2069 1092 2111 nomeu
1101 2044 1295 2124 impositum,

248 2155 302 2234 qui
314 2166 416 2214 tamen
429 2149 529 2238 qualis
539 2157 592 2230 sit,
603 2174 638 2213 ex
649 2153 778 2212 nomine
790 2151 840 2208 vix
852 2143 982 2228 definire
992 2139 1074 2200 ausit
1084 2135 1216 2215 aliquis,
1229 2149 1295 2190 cum

247 2245 280 2302 in
296 2245 454 2324 scripturae
470 2247 599 2306 notione
612 2239 791 2303 definienda
803 2235 893 2298 valde
906 2230 1088 2294 fluctuariut
1099 2223 1294 2305 superiorum
1351 2253 1352 2278 r

249 2333 435 2396 saeculorum
450 2337 556 2394 critici.
576 2346 585 2372 ⁷
1035 2388 1039 2396 ¹

291 2423 386 2486 Codex
405 2421 554 2484 Mediceus
572 2419 689 2480 Pierii:
712 2418 750 2476 ab
771 2436 824 2489 eo,
836 2431 931 2492 quem
950 2404 1121 2487 Foggiuius
1136 2395 1296 2479 expressit,
1351 2457 1352 2462 ἵ

249 2513 360 2592 utique
375 2509 527 2586 diversus,
541 2504 624 2589 quod
639 2505 686 2566 vel
701 2504 777 2564 hinc
789 2500 933 2580 colligas,
944 2496 1018 2578 quia
1031 2495 1064 2551 in
1076 2489 1181 2571 prima
1196 2483 1294 2544 statim
1351 2497 1352 2574 p

249 2598 394 2678 Eclogaa
411 2591 513 2660 Pierio
527 2595 689 2670 laudatur,
704 2592 913 2672 Foggiuianus
925 2605 998 2646 vero
1014 2577 1054 2640 ab
1067 2578 1160 2638 initio
1172 2571 1297 2633 mutilus
1351 2575 1352 2580 ’

252 2700 314 2760 est3
335 2689 390 2746 etsi
405 2684 553 2748 lectiones
568 2698 641 2746 sunt
661 2704 729 2764 quae
742 2701 811 2741 cum
832 2678 887 2738 itlo
903 2673 1111 2742 conveniunt,
1130 2668 1215 2746 iupr.
1234 2661 1297 2720 AEu.

253 2777 325 2852 ΧΗ,
341 2795 393 2835 απτ
409 2774 558 2856 medentes,
573 2770 659 2856 quod
672 2769 828 2830 Mediceus
844 2763 1027 2843 aFogginio
1041 2776 1169 2817 excusus
1183 2754 1217 2810 in
1230 2751 1297 2810 litu·

254 2883 289 2928 ra
299 2865 495 2926 habersuam
507 2867 591 2924 inter
602 2857 782 2922 emendatos
796 2877 874 2930 esse,
887 2853 924 2913 ad
936 2849 1040 2912 Bucol.
1053 2867 1101 2928 pr.
1113 2845 1238 2903 Pierius
1249 2853 1299 2898 tes·
1351 2919 1352 2924 η

254 2969 346 3016 tatur.
364 2957 445 3016 Num
466 2953 518 3014 itte
540 2954 711 3012 etiamnum
730 2953 762 3008 iu
784 2965 899 3027 magno
922 2942 977 3002 itto
998 2933 1089 2998 codd.
1100 2931 1298 3012 Virgilianos
1351 2991 1352 3008 χ

255 3063 401 3118 numero,
417 3045 520 3124 quiin
533 3040 669 3104 Medicea
684 3048 858 3107 servantur,
870 3032 982 3102 lateat,
995 3043 1060 3086 nou
1075 3020 1221 3082 dixerim.
1351 3013 1352 3094 i

293 3138 458 3198 Lectiones
470 3133 626 3192 uariantes
639 3149 672 3188 ex
689 3126 797 3204 iisdem
811 3121 901 3183 h'bris
913 3117 1009 3183 modo
1021 3110 1224 3182 memoratis,
1236 3106 1299 3186 qui-
1351 3101 1352 3176 i

255 3229 314 3287 bus
326 3227 443 3286 Pierius
457 3235 532 3283 usus
542 3219 660 3293 fuerat,
675 3216 712 3276 ad
727 3213 896 3276 editionem
911 3209 1090 3276 dominam,
1105 3199 1191 3260 forte
1205 3197 1244 3258 ab
1258 3197 1300 3275 ip·
1351 3263 1352 3266 Ἴ

257 3319 318 3375 sius
331 3315 424 3372 Pierii
437 3320 548 3386 manu,
559 3317 685 3369 notatas
698 3304 810 3365 habuit
822 3299 981 3372 Heinsius,
994 3303 1191 3356 memorante
1199 3291 1300 3348 Bura.
1351 3297 1352 3352 t

257 3373 1301 3484 inpraef.adVirgil.:Pieriustamen,praeteristos,uonnuiiosalios

258 3501 355 3554 tnauu
378 3503 561 3550 versaverat.
581 3484 626 3548 Ita
646 3485 789 3548 Codicem
811 3484 958 3554 Fortium,
975 3473 1126 3560 'Codicem
1146 3463 1300 3546 Beiiunea·

259 3603 333 3656 sem,
347 3581 385 3639 ad
398 3581 465 3640 AEn.
478 3580 531 3654 IV,
546 3577 599 3636 138
612 3589 777 3649 memorat,
790 3567 949 3653 Delphinus
961 3563 999 3625 ad
1014 3561 1079 3622 AEn.
1092 3555 1151 3632 IX,
1165 3555 1223 3618 651
1233 3599 1242 3629 ,
1252 3551 1301 3612 Pa·

262 3667 385 3730 latinam
400 3667 438 3728 ad
454 3667 508 3727 lib.
526 3669 568 3738 X,
585 3666 631 3726 51.
644 3667 746 3726 Etiam
761 3663 864 3744 plures
879 3659 1036 3723 Vaticanus
1049 3645 1186 3708 versavit
1197 3660 1301 3702 manu:

261 3759 324 3818 vid·
338 3779 408 3815 ⁰¹¹1ss
425 3757 463 3814 ad
478 3760 545 3824 AEu.
556 3758 627 3828 Vll,
641 3752 714 3830 d⁰⁰3
728 3755 785 3826 IX,
804 3771 868 3810 rou.

301 3843 448 3904 Codicem
459 3856 592 3903 veterem
605 3841 687 3924 apud
701 3843 812 3902 Jauum
824 3831 1028 3902 Parrhasium,
1042 3838 1071 3886 et
1082 3822 1198 3898 alium,
1211 3824 1241 3880 in
1253 3821 1304 3882 Va
1351 3847 1352 3914 p

264 3937 359 3995 ticaua
373 3929 557 4002 bibliotheca,
573 3949 666 4008 quem
680 3932 785 3988 Franc.
798 3920 963 3985 Petrarcboe
974 3918 1069 3978 fuisse
1083 3913 1189 3982 aiunt,
1204 3921 1300 3968 testem

264 4017 408 4102 producit
424 4019 540 4078 Pierius
555 4015 594 4076 ud
610 4016 664 4074 Ge.
679 4011 817 4090 111,3t,8.
833 4013 889 4071 Hic
905 4006 1031 4090 quidem
1047 4022 1095 4066 aa
1105 4001 1139 4057 in
1149 3994 1301 4056 Vaticanis
