2654 4590
335 267 389 330 in
415 261 855 334 AENEIDOSLIB.1x.
1100 293 1117 358 7

50 389 180 468 quaesita
190 387 365 464 flumina,
380 407 451 472 qum
461 399 493 448 et
504 386 674 466 dignitate,
690 399 721 448 et
735 386 950 468 profunditate
962 389 1030 452 aliis
1044 413 1122 474 prae·

53 489 187 538 starent:
210 500 298 540 nam
317 480 379 540 nbi
396 475 610 560 profunditas,
629 473 674 538 ibi
693 477 780 558 quies
799 499 969 559 aquarum:
991 480 1063 542 ideo
1083 481 1121 542 de

57 568 180 648 Gange,
203 567 312 644 altus,
340 569 480 641 tacitum,
500 565 603 626 sedatis
625 565 779 627 amnibus:
800 581 833 628 et
850 566 889 630 de
907 569 978 630 Nilo
998 585 1121 654 tempus

60 653 134 714 illud
147 658 309 732 assumit,
334 675 401 738 quo
411 653 464 716 ille
475 655 580 716 minus
596 667 752 736 streperos
768 668 800 716 et
818 654 1033 733 turbulentus,
1055 679 1120 720 non

61 762 156 824 qnam
168 744 336 821 inundat,
350 742 405 806 sed
418 763 517 826 quum
531 741 651 817 reflui13
665 756 695 807 et
706 763 737 806 se
749 743 788 806 ab
802 745 922 826 impetu
934 758 1076 821 revocat,
1090 759 1121 807 et

12 837 14 900 l
63 831 148 893 alveo
159 835 333 898 conditur.
350 835 410 896 Sed
424 835 528 915 aptior
540 830 642 892 adhuc
656 833 716 892 alia
730 833 914 914 explicatio:
930 835 994 897 ibat
1006 838 1119 898 exerci-

11 926 13 950 '
65 934 111 982 tua
132 928 280 1006 primum
302 927 419 1008 apertis
440 924 576 1006 campia3
598 943 672 984 mox
691 939 849 986 coercetur
868 946 886 984 a
905 921 1066 1007 Messapo,
1090 937 1120 986 et

66 1012 250 1090 Tynhidis:
271 1036 348 1096 ergo
365 1026 527 1094 assumpta
543 1011 691 1086 flumina,
705 1031 773 1092 quae
786 1009 943 1073 inundant
955 1012 1077 1074 Indiam
1089 1026 1121 1072 et

66 1099 255 1181 AEgyptum,
278 1117 312 1162 et
330 1123 403 1161 mox
418 1099 601 1181 rediguntur
616 1101 649 1158 in
665 1097 776 1162 alveos.
798 1101 872 1160 Haec
891 1102 1051 1162 verissima
1070 1121 1119 1161 ex·

66 1185 214 1267 plicatio:
236 1191 388 1273 praeclare
405 1211 480 1252 vero
492 1193 819 1271 agmencomparatur
836 1210 905 1248 cum
919 1182 1119 1264 fluminibtis,

65 1274 234 1357 dequibus
247 1283 345 1341 etiam
360 1303 469 1364 aqman
483 1281 616 1355 dieitur,
632 1299 706 1341 nam
719 1278 868 1360 Virgilius
881 1279 971 1354 alibi3
988 1277 1045 1339 leni
1047 1279 1120 1361 fluit
1165 1297 1169 1305 ’

64 1368 183 1444 nomine
199 1367 315 1450 Tybris.

102 1455 152 1516 33.
175 1458 326 1520 Prodidit
343 1461 530 1534 exercitum,
553 1479 617 1518 non
635 1457 771 1531 elamor3
793 1457 899 1540 quiete
911 1458 996 1518 enim
1014 1456 1120 1516 ibatur

20 1563 22 1575 ’
66 1555 96 1600 et
107 1565 181 1604 com
195 1547 306 1608 sedato
319 1562 350 1610 et
365 1551 460 1608 tacito
472 1549 595 1608 incessu
607 1569 615 1621 3
635 1545 687 1608 sed
700 1547 797 1607 nubes
811 1543 968 1628 pulveris,
988 1557 1018 1604 et
1034 1557 1119 1605 tene·

21 1589 23 1691 l
66 1625 130 1691 brae
144 1633 222 1694 inde
235 1651 328 1711 ortae3
348 1657 385 1696 ac
402 1637 508 1696 statim
520 1635 649 1716 Trojani
666 1634 848 1715 intelligunt
863 1633 968 1694 adesse
979 1631 1119 1708 hostem3

68 1740 207 1805 namque
219 1743 311 1786 erant
323 1729 357 1787 in
370 1728 515 1808 speculis.

104 1807 153 1868 35.
175 1813 253 1874 Erat
267 1813 350 1874 forte
365 1815 474 1874 Caicus
489 1814 523 1872 in
537 1813 622 1872 urbis
642 1809 731 1884 mole,
752 1831 913 1893 perquam
932 1807 1013 1870 nihil
1030 1809 1117 1872 aliud

68 1895 233 1979 intelligo,
253 1923 350 1984 quam
362 1915 463 1964 turres
478 1924 536 1984 pro
548 1903 645 1964 muris
659 1899 830 1974 adstantes,
851 1915 881 1963 et
893 1900 955 1960 illis
968 1921 1116 1974 annexas,

67 1981 236 2066 dequibus
245 2006 355 2071 postea
365 2006 458 2072 poeta
468 1990 610 2073 loquitur
621 2013 628 2048 ι
641 2003 707 2050 erat
717 2011 789 2055 vero
800 1988 867 2049 haee
878 1989 975 2050 moles
988 1987 1117 2050 adversa

17 2064 21 2160 l
68 2077 210 2136 venienti
225 2079 354 2157 agmini.
370 2081 453 2158 Ergo
466 2078 537 2152 ille,
551 2093 585 2138 ut
597 2077 677 2138 vidit
689 2077 857 2158 caliginem
870 2099 887 2136 a
899 2077 1026 2159 pulvere
1038 2079 1117 2138 exci-

15 2160 17 2220 l
65 2175 182 2238 ratam,
197 2181 230 2226 et
241 2161 404 2248 hoc'signo
417 2167 523 2228 adesse
535 2169 737 2250 praesentiens
750 2165 892 2242 hostem,
908 2167 1044 2229 clamare
1056 2191 1116 2230 coe·

12 2260 14 2300 Γ
65 2253 129 2330 pit,
143 2252 261 2316 ferrent
272 2257 409 2333 ferrum,
424 2255 533 2317 darent
546 2257 624 2330 tela,
640 2277 746 2318 muros
760 2255 954 2318 scanderent.
974 2258 1046 2333 Quo
1059 2279 1113 2318 au-

10 2360 11 2407 3
65 2338 150 2420 dito,
164 2346 294 2425 Trojani
306 2344 392 2406 illico
404 2357 510 2430 portas
522 2349 687 2418 muniunt,
701 2359 733 2404 et
745 2366 852 2404 muros
864 2361 1026 2426 occupant.

7 2470 8 2494 l

6 2495 8 2518 l

5 2533 6 2564 l
99 2543 142 2596 31.
154 2543 333 2598 Pertaeitum.
345 2545 387 2598 Sic
397 2547 462 2598 Hor.
473 2547 506 2599 tle
515 2549 570 2599 Liri
614 2549 655 2619 pis
670 2546 780 2597 llumina
795 2545 822 2596 in
835 2544 925 2596 alveos
939 2543 1064 2608 redeunt3
1078 2548 1116 2598 sie

65 2639 157 2688 amne,
179 2625 340 2678 taciturnus.-
363 2637 390 2678 et
410 2627 499 2680 Nonn.
521 2627 567 2679 lib.
613 2629 726 2680 militum
749 2624 906 2690 multitudo,
929 2643 987 2696 quaa
1009 2640 1068 2679 ante
1088 2629 1116 2680 in

64 2699 151 2768 Xxu,
164 2701 280 2770 οηιώις
289 2703 393 2774 ῥείθροις.
406 2707 570 2783 moitisfloxi·
614 2727 723 2780 campos
731 2709 842 2760 confuse
851 2709 1035 2778 prorueret,irt
1044 2713 1115 2761 aciat

64 2781 116 2834 bars.
128 2783 170 2836 De
180 2785 244 2836 Nilo
252 2785 319 2838 Plin.
328 2789 424 2858 Paneg.
439 2785 568 2858 «placido
614 2788 718 2862 digesta
729 2800 777 2840 est.
791 2789 873 2854 Nam,
891 2787 996 2869 refluere
1004 2789 1114 2860 campis,

1 2903 2 2934 3
65 2862 193 2934 mollique
204 2864 292 2936 lapsu.
304 2889 315 2912 s
328 2866 367 2918 De
377 2865 474 2920 eodem
480 2868 569 2918 Avun·
613 2882 719 2922 nonest
731 2868 812 2920 fluere
821 2887 871 2938 per
880 2885 1003 2940 campos3
1017 2868 1064 2920 sed
1074 2887 1115 2920 re·

1 2943 2 3022 l
66 2941 141 2992 culus
163 2943 196 3008 V,
216 2961 246 3012 9,
270 2943 358 2996 «lanis
380 2957 405 2996 et
424 2947 568 2998 confractis
613 2947 668 3000 labi
692 2967 706 2998 e
727 2948 827 3017 campis
849 2948 876 2996 in
898 2943 996 2998 alveos.
1018 2949 1115 2999 Errant

67 3024 158 3090 aquis,
178 3021 337 3094 domitaque
357 3023 516 3076 violentia.»
534 3056 569 3064 —
613 3027 691 3080 Pierii
702 3025 816 3078 assecla.
833 3025 940 3076 Tauhm.
1006 3055 1011 3075 ›

66 3100 287 3178 Piaquiflumine
297 3102 383 3156 Nilus.
394 3103 472 3156 Nilus
481 3103 568 3157 dictus
649 3105 690 3158 36.
704 3105 765 3174 Quis
769 3104 868 3177 qlobus.
877 3102 908 3154 ld
916 3115 970 3168 est,
981 3117 1112 3174 quantus:

1 3151 2 3216 l
67 3193 105 3231 est
114 3185 191 3251 qnasi
202 3178 254 3236 viar
266 3179 327 3244 loir,
339 3183 393 3240 hoo
405 3197 459 3250 est,
469 3203 569 3238 novum
614 3183 771 3238 admirantis
784 3185 854 3236 enim
867 3196 920 3245 est,
933 3201 988 3238 non
1000 3185 1115 3238 interro-

1 3254 2 3280 *
67 3260 158 3314 limum
166 3263 291 3318 trahens:
304 3265 377 3336 quod
385 3265 476 3318 volens
484 3269 570 3338 expri·
613 3269 714 3338 gantis;
735 3284 785 3318 nee
808 3267 879 3316 enim
900 3266 1047 3336 interrogat
1067 3269 1114 3336 qui

3 3358 4 3373 ¹
69 3359 139 3393 mere
151 3341 217 3394 dixit
229 3345 459 3422 pinquiflumine,
474 3344 569 3412 idest,
613 3347 733 3400 nuntiat:
749 3345 836 3415 primo
851 3343 998 3396 dubitavit:
1017 3344 1114 3403 deinde

4 3426 7 3480 l
71 3417 165 3474 fluore:
181 3441 241 3494 qaae
257 3441 300 3476 res
315 3423 472 3479 foecandam
487 3423 569 3476 efficit
614 3427 739 3498 cognovit
749 3441 806 3476 esse
815 3423 914 3476 hostes.
927 3425 997 3480 Serv.
1009 3425 1104 3500 otDon
1110 3467 1114 3474 .

7 3491 10 3536 l
72 3512 177 3568 terram,
193 3503 268 3574 quod
282 3518 310 3558 et
321 3507 379 3576 ipse
391 3506 420 3556 in
432 3503 569 3577 Georgicis
649 3505 691 3558 38.
705 3505 792 3561 Hostis
803 3505 885 3570 adest,
898 3505 947 3556 eia.
965 3505 1021 3577 Ego
1031 3518 1117 3576 puto,

11 3624 14 3655 ἶ
75 3581 182 3634 ostendit
195 3584 302 3653 diceas,
317 3585 481 3656 «liquuntur
493 3605 569 3640 mon·
613 3585 772 3657 particulam
790 3584 861 3638 hanc
881 3583 1051 3638 referendam
1078 3583 1113 3636 ad

14 3658 20 3737 ξ
77 3659 251 3732 tibuamnas,
268 3665 442 3736 Felioamque
459 3664 569 3720 trahunt
615 3665 733 3728 Caicum,
747 3662 908 3720 uthlcdicat
919 3685 925 3712 z
937 3662 1111 3730 troarnensi,
1130 3661 1133 3667 ’

77 3737 183 3796 limam.»
192 3747 268 3811 trem,
281 3743 420 3798 aviridem
428 3745 568 3816 AEgyptum
612 3745 661 3798 eia.
676 3748 770 3816 ltaque
786 3762 814 3796 se
831 3745 931 3796 frustra
941 3737 1046 3794 servius
1058 3741 1113 3796 las·-

80 3820 141 3892 Πίσα
151 3825 288 3880 fecundat
301 3843 418 3880 arenam
434 3825 503 3878 Sero.
558 3867 560 3872 .
613 3837 662 3877 sat.
671 3826 710 3876 lta
719 3841 825 3895 qaoque
834 3823 1031 3894 adloquentem
1041 3833 1114 3872 retu-

106 3899 570 3985 32.Quumrefluitcampis,etr.sen·
612 3904 645 3960 lit
662 3902 753 3956 Sidon.
771 3903 853 3974 Epist.
872 3904 897 3968 l,
915 3918 947 3954 a:
962 3901 1051 3952 “Tum
1062 3919 1112 3974 pa-

77 3985 198 4044 entiam:
210 3981 453 4062 quemadmodum
460 3981 570 4036 decam-
613 3996 717 4052 tronus,
727 3985 778 4050 eia,
786 3983 882 4053 inquit,
890 3979 1045 4034 Sollimeus.
1057 4003 1070 4030 υ
1084 3981 1110 4032 C.
