2706 4596
413 269 772 346 EDITIONIBUS.
1015 278 1018 288 ’
1055 273 1126 353 631

93 399 144 460 ¹P.
162 401 193 466 V
191 394 203 462 .'
211 405 257 464 M.
271 421 337 462 cuni
348 401 439 462 Servii
450 403 670 460 commentariis.
684 401 864 464 Parisiis...
877 445 884 461 .
896 442 904 462 .
917 447 923 462 .
937 447 943 462 .
960 403 1014 467 fol.
1031 409 1118 490 1609.

108 489 266 572 Cataloque
276 487 361 573 aftbe
372 488 515 566 Libraries
528 487 671 569 aquaire
689 490 782 570 1767,
797 510 827 570 p.
847 492 874 550 8.
1225 566 1229 575 ι

109 579 147 636 P.
163 581 199 641 V.
215 582 262 640 M.
276 577 374 640 Culex.
387 599 408 635 a
418 580 466 636 Fr.
485 576 688 637 Taubmanno.
701 575 899 660 Vitebergae..
912 625 919 640 .
932 625 939 640 .
952 627 959 642 .
973 585 1024 644 .8.·
1034 587 1119 666 1609.

108 667 248 748 Utraque
263 669 296 727 in
309 669 342 726 B.
358 666 392 724 A.
409 667 446 726 G.
577 716 580 742 p

109 757 147 815 P.
162 759 193 820 V
191 802 199 816 .
211 759 258 816 M.
273 777 340 816 cam
353 757 452 815 Seruio
464 757 499 814 P.
512 751 732 815 Danielisssol.
746 754 880 818 Allobr..
893 803 900 817 .
912 803 920 818 .
932 803 940 818 .
951 789 959 818 ·.
972 760 1120 838 4.1610·.

109 844 157 902 Ex
173 844 246 904 edit.
267 846 353 904 1600.

109 935 147 992 P.
163 937 200 996 V.
218 945 385 1014 poemata...
402 953 468 992 cum
486 930 556 992 libro
574 931 675 1014 Suppl.
693 931 825 1015 Mapbai
840 937 939 1017 Vati,
959 939 1122 1019 Epigram-

72 1033 181 1095 mata,
204 1035 260 1080 etc.
281 1041 348 1084 cam
368 1019 603 1079 annotationibus
621 1019 750 1080 brevibus
768 1029 804 1081 ex
821 1024 909 1082 variis
926 1025 1132 1106 interpretibus·

68 1107 195 1170 collectis
202 1122 230 1170 et
237 1108 401 1195 difficilium
410 1108 612 1169 vocabulorum
623 1112 852 1192 interpretatione
860 1115 1027 1192 pennanica
1036 1135 1123 1196 opera

63 1202 111 1260 Jo.
124 1201 211 1258 Frisii
227 1201 367 1280 Tiparini.
380 1196 525 1258 Francof.
539 1199 607 1258 Nic.
623 1197 810 1257 Hofmann..
820 1243 841 1257 ..
854 1243 861 1257 .
874 1242 881 1256 .
895 1243 901 1258 .
914 1244 921 1258 .
935 1243 942 1258 .
954 1243 962 1258 .
972 1243 982 1266 ⁸.
990 1203 1017 1261 8.
1036 1201 1122 1265 1610.

109 1290 207 1350 Catal.
222 1291 254 1349 Β.
266 1290 302 1348 Β.
315 1291 411 1348 Paris.
427 1310 458 1348 n.
475 1289 543 1350 850.
560 1289 615 1348 Est
625 1290 768 1370 repetitio
781 1287 828 1348 ed.
841 1289 988 1352 Francos.
1005 1290 1090 1374 1567.

80 1395 84 1404 ⁴
106 1379 243 1437 Excusus
256 1377 350 1436 etiam
364 1377 459 1436 Poeta
473 1377 508 1436 in
522 1377 615 1456 Corp.
631 1377 717 1435 Poet.
735 1378 801 1436 Lat.
817 1377 934 1436 Genev.
950 1376 1071 1453 4.1611
1090 1390 1121 1443 et

63 1469 101 1525 in
113 1467 220 1526 ceteris
234 1465 430 1546 Corporibus
442 1468 527 1526 Poet.
543 1478 633 1541 vett,
648 1465 701 1526 sed
712 1463 779 1526 haec
794 1487 922 1527 monere
940 1468 1126 1550 supersede-

67 1575 152 1616 mus.
194 1571 197 1581 '
250 1605 253 1610 .
471 1601 493 1608 ,.
550 1601 553 1608 .
630 1599 633 1606 .

108 1647 334 1706 Commentarii
346 1649 395 1706 Jo.
408 1646 488 1707 Lud.
501 1645 539 1706 de
552 1645 583 1706 10
595 1645 693 1706 Cerda
708 1647 742 1706 in
753 1649 796 1708 VI
809 1647 930 1728 priores
944 1641 1041 1706 libros
1052 1648 1120 1707 AEn.

65 1735 199 1797 Madriti
207 1779 954 1796 ......................................
961 1736 1017 1798 fol.
1037 1739 1130 1797 16111.

111 1823 213 1902 (Vide
228 1825 335 1905 1608.)
1022 1881 1024 1884 .

107 1917 145 1973 Ρ.
156 1915 194 1975 V.
207 1916 253 1973 M.
264 1935 331 1974 cnm
342 1928 494 1975 comment.
507 1917 618 1975 Donati
629 1928 656 1976 et
666 1916 770 1976 Servii.
782 1913 852 1974 Ace.
864 1913 953 1973 Probi
965 1913 1129 1972 Gramma·

65 2003 137 2074 tici,
154 2003 257 2081 Pomp.
274 2000 399 2074 Sabini,
419 2015 475 2062 etc.
495 2001 696 2062 adnotationes
709 2001 824 2080 (etiam
838 2001 984 2060 Carmina
1001 2003 1132 2060 minora

14 2125 15 2128 =
67 2111 143 2166 cupn
157 2091 415 2170 Commentariis)
426 2091 520 2151 stadio
536 2090 610 2150 Lat.
625 2092 708 2150 Lucii
724 2089 814 2150 Basil.
830 2089 924 2149 Aeaei.
939 2091 1026 2173 Profl'
1037 2090 1128 2170 (post

65 2181 124 2239 Ge.
139 2174 274 2235 Fabricii
289 2181 421 2255 recens.)
435 2177 525 2236 Basit.
540 2198 595 2256 per
608 2177 676 2236 seb.
688 2179 898 2257 Hearicpetr..
911 2219 919 2236 .
931 2220 938 2234 .
951 2176 1022 2235 ‚fot
1038 2177 1127 2236 1613..

110 2266 208 2326 Servii
226 2267 364 2326 recensio
383 2266 416 2323 in
427 2263 487 2324 hae
500 2264 574 2324 edit.
590 2264 764 2324 admodum
776 2263 930 2346 probatur
941 2266 1127 2326 Burmanno
1180 2321 1185 2329 ‚

64 2353 156 2438 praef.
171 2354 209 2412 ad
223 2355 332 2435 virgil.
349 2355 401 2414 Est
416 2367 521 2413 tamen
535 2367 619 2414 totus
631 2353 711 2412 liber
723 2373 881 2434 expressus
896 2374 931 2412 ex
946 2352 1021 2413 edit.
1039 2353 1123 2416 1551.

64 2445 204 2506 Fabricii
218 2458 301 2510 notae
319 2445 358 2506 ab
377 2445 435 2518 iis,
457 2464 528 2525 quae
545 2445 577 2504 in
597 2441 732 2522 reliquis
749 2441 819 2504 edd.
837 2458 910 2504 sunt
926 2463 1060 2518 excusae,
1078 2441 1128 2502 di.-

65 2552 166 2592 versae
180 2552 248 2592 esse
261 2531 423 2606 feruntur3
438 2545 510 2592 sunt
524 2531 637 2590 scilicet
654 2530 821 2610 pleniores.
840 2529 892 2606 (Β.
905 2533 940 2590 A.
954 2530 1012 2610 G.)

108 2625 144 2682 P.
161 2625 199 2684 V.
214 2625 261 2682 M.
277 2623 374 2704 Opera
391 2643 457 2682 eam
471 2623 508 2680 N.
528 2619 673 2700 Erythrai
687 2617 775 2680 scbol.
792 2631 820 2680 et
840 2618 901 2679 iad.
916 2622 1057 2700 castipata
1076 2641 1131 2700 per

62 2714 113 2774 Jo.
129 2707 301 2790 Obsopoeam
314 2721 342 2768 et
350 2712 399 2769 Fr.
411 2707 607 2791 Sylbaryiam.
621 2707 764 2768 Francof.
815 2751 822 2767 .
834 2751 842 2766 .
895 2752 902 2766 .
915 2751 922 2766 .
936 2752 943 2766 .
956 2751 963 2764 .
976 2709 1018 2768 .8.
1037 2706 1123 2768 1613.

80 2868 84 2874 .
109 2795 173 2871 (Ex
189 2795 285 2876 1603)
300 2809 369 2876 post
382 2810 429 2856 101
442 2796 519 2856 alias
533 2793 761 2877 Erythraeanas.

109 2890 223 2953 Selecta
235 2893 369 2972 quadam
381 2907 512 2956 veteram.
519 2907 670 2976 poetaram
683 2915 803 2976 opera...
811 2913 879 2954 cam
885 2890 1007 2954 Scboliit
1018 2891 1124 2950 Franc.

63 2983 191 3043 Sanetii.
204 2981 397 3048 ,salmanticae
401 3023 984 3041 ...............................
992 2979 1020 3039 8.
1038 2978 1124 3037 1613.

109 3070 147 3130 10
160 3067 210 3129 his
223 3071 345 3160 Eplogae
358 3070 494 3151 Virgilii.
509 3070 561 3148 (B.
577 3073 612 3130 Α.
627 3073 685 3151 G.)

113 3165 339 3227 introductiones
352 3168 531 3226 oeconomica
547 3165 635 3226 simul
650 3179 679 3228 et
692 3165 852 3248 politica...
866 3167 924 3224 sive
938 3166 968 3226 V
967 3161 1054 3244 irpilii
1066 3169 1127 3224 Ba·

65 3255 162 3318 colica
174 3266 202 3316 et
213 3255 354 3337 Georpica
365 3253 538 3336 paraphrasi
548 3268 687 3336 perpetua
699 3253 844 3315 illustrata
858 3275 879 3312 a
895 3251 997 3312 Nicod.
1013 3252 1126 3314 Fri'scb-

66 3345 140 3406 lino.
153 3342 296 3404 Francof.
312 3345 420 3426 peris.
436 3344 578 3403 Persium
582 3384 984 3403 .....................
992 3343 1019 3402 8.
1039 3340 1114 3418 1614

110 3432 213 3511 (Vide
229 3435 333 3514 1601.)

108 3534 147 3592 Ρ.
162 3531 200 3592 V.
215 3533 262 3590 M.
282 3531 378 3613 Opera
390 3553 457 3592 cam
471 3529 584 3592 scholiis
598 3533 643 3592 10.
662 3551 682 3590 a
697 3532 816 3611 Meyen.
830 3527 974 3589 Francof.
990 3548 1039 3611 ap.
1058 3529 1127 3588 Nic.

14 3649 15 3656 .
64 3618 289 3682 Hofmannum
293 3659 978 3680 ...................................
991 3617 1124 3676 8.1616.

110 3710 252 3789 Repetite
264 3709 346 3770 forte
360 3731 396 3771 ex
415 3712 502 3770 1610.

110 3801 167 3859 Est
179 3801 274 3858 etiarn
286 3797 381 3882 hujus
395 3801 469 3860 anni
482 3801 741 3874 Bersmanniana3
754 3811 783 3858 et
798 3818 814 3857 e
828 3796 998 3858 Pulmanni
1011 3815 1149 3886 001100·ι

74 3889 174 3946 tione.
189 3884 282 3944 Paris.
300 3883 346 3960 14.
1058 3891 1060 3898 “
1145 3893 1148 3898 ’

14 4035 15 4038 ,
112 3973 260 4038 Catalecta
272 3977 302 4040 V
301 3975 387 4057 initii
405 3989 433 4037 ct
451 3976 533 4040 aliar.
547 3979 661 4039 Poctar.
676 3979 808 4038 Latinor.
824 3988 883 4037 vet..
896 3975 1047 4036 Poematia
1060 3993 1130 4032 curn
