2654 4590
215 294 257 372 aa
543 288 922 358 conmeantum

215 439 344 499 magna3
357 421 515 501 pontium,
533 423 585 502 qui
603 420 672 494 alti,
687 441 742 500 per
754 439 831 498 quos
845 418 965 477 Samius
978 417 1118 477 tabulata
1133 421 1278 502 accipit3

215 509 306 582 situs,
324 512 376 588 qui
390 523 601 590 opportunus:
618 509 688 567 ideo
706 507 792 566 illam
804 505 872 564 Itali
886 519 1033 579 evertere3
1051 505 1184 585 Trojani
1203 527 1281 565 ser·

215 615 287 654 vare
296 599 383 656 anxie
396 599 581 658 laborabant
591 622 597 656 ε
609 598 654 656 illi
664 597 793 656 summis
805 593 937 668 viribus,
948 596 1076 654 summis
1087 593 1256 652 machinis
1268 619 1278 669 ;

216 705 289 744 nam
301 692 331 745 τὸ
345 709 432 769 opum
444 693 473 748 oi
484 687 641 749 machinas
655 701 756 758 notat3
768 686 816 744 isti
829 685 905 743 saxis
920 697 949 742 et
963 685 1030 742 telis
1044 705 1099 765 per
1110 684 1278 744 fenestras

215 773 348 832 intortis.
359 779 394 834 Τὸ
404 776 484 836 densi
493 791 550 852 est,
564 791 617 836 aut
626 797 696 835 vere
706 776 765 857 ipsi
776 771 922 846 conferti;
933 785 985 830 aut
995 769 1177 854 hypallage,
1189 793 1256 853 pro
1267 817 1279 846 ,

216 856 309 918 densa
325 861 394 922 tela.
501 857 503 862 ¹

255 946 321 1007 535.
335 948 391 1009 Sed
401 951 499 1030 gloria
508 949 573 1010 hac
581 953 686 1010 Turno
696 958 865 1022 servata,ut
874 945 1006 1027 principi
1016 947 1175 1004 omnium:
1189 967 1277 1026 con-

212 1033 284 1113 jecit
295 1034 347 1094 ille
357 1037 514 1098 ardentem
525 1039 684 1118 lampada,
698 1035 857 1116 affixitque
867 1034 953 1092 lateri
964 1033 1071 1107 turris,
1082 1046 1112 1092 et
1121 1033 1275 1092 secundo

215 1137 309 1181 vento
320 1139 452 1205 grassata
464 1141 506 1186 est
516 1128 549 1185 in
559 1126 695 1200 tabulas,
709 1122 860 1202 haesitque
869 1120 996 1180 exedens
1007 1133 1125 1201 postes,
1136 1131 1166 1179 et
1177 1123 1276 1202 quic-

215 1208 288 1289 quid
303 1212 346 1270 ibi
363 1213 510 1292 ligneum.

255 1300 321 1360 538.
338 1305 398 1380 Qui
414 1316 502 1364 erant
516 1305 613 1374 intus,
627 1297 781 1380 trepidare
796 1299 897 1357 statim
915 1297 1093 1357 turbatione
1107 1300 1195 1378 ipsa:
1212 1298 1274 1357 fu-

213 1410 282 1469 gere
291 1391 503 1472 glomeratim,
515 1405 545 1450 et
555 1405 638 1449 retro
653 1390 738 1448 abire
752 1382 916 1462 inlocum,
930 1387 984 1446 ubi
995 1407 1059 1446 non
1071 1385 1137 1447 baec
1148 1389 1251 1468 pestis
1265 1411 1272 1446 :

212 1476 264 1534 sed
281 1478 393 1540 frustra
410 1481 535 1539 omnia:
553 1472 680 1536 tandem
695 1478 787 1535 turris
799 1472 967 1556 procubuit
982 1469 1087 1533 subito
1101 1474 1275 1554 pondere,

212 1583 247 1621 ae
265 1578 330 1622 tum
352 1565 460 1627 caelum
480 1564 576 1624 veluti
594 1563 696 1644 frangi
714 1563 848 1622 fulmine
867 1575 897 1621 et
913 1576 1021 1620 tonare
1039 1564 1159 1621 visum:
1181 1562 1271 1621 adeo

211 1649 321 1729 ingens
332 1655 452 1712 sonitus
466 1653 583 1712 ruentis
598 1648 765 1710 machinae!

251 1740 318 1814 542.
332 1742 458 1801 Dixerat
469 1743 581 1801 turrim
592 1737 806 1822 procubuisse,
828 1753 860 1800 at
874 1760 940 1799 non
954 1737 1079 1820 quidem
1094 1741 1162 1798 sine
1177 1761 1271 1800 noxa

210 1845 496 1910 propugnatorum
507 1853 581 1892 nam
592 1853 652 1891 una
664 1852 735 1890 cum
744 1830 821 1889 turri
833 1831 891 1910 ipsi¹
905 1850 1048 1910 quoque:
1065 1831 1184 1910 itaque,
1196 1833 1269 1891 suis

196 1927 200 1933 '
212 1916 282 1976 telis
296 1919 410 1980 confixi
429 1922 560 1996 cadunt,
574 1925 635 1982 suis
649 1921 742 2002 lignis
756 1917 932 1992 transfossi,
953 1919 1270 1998 (excellentissimum

211 2004 272 2066 hoe
286 2009 323 2067 ad
339 2017 416 2080 πάθος
430 2011 643 2090 excitandum)
664 2025 693 2071 et
706 2031 812 2070 omnes
826 2009 952 2090 quidem
967 2011 1182 2068 semimortui:
1197 2009 1269 2070 duo

195 2101 198 2105 '
211 2107 334 2154 tantum
347 2097 503 2174 Helenor,¹
512 2113 542 2160 et
553 2103 650 2180 Lycus
663 2098 759 2180 elapsi
772 2110 843 2157 sunt
856 2097 895 2156 ab
910 2117 944 2154 ea
958 2095 1044 2155 clade
1057 2097 1129 2154 vivi.

199 2238 201 2242 .
252 2179 318 2257 545.
333 2187 429 2248 AEtate
439 2187 538 2269 major
548 2187 684 2248 Helenor
696 2199 774 2260 erat,
787 2181 914 2244 Maeonii
927 2185 1032 2265 Regis,
1046 2196 1076 2242 et
1087 2185 1268 2266 Licymniae

211 2290 304 2332 servae
316 2273 415 2353 filius3
430 2278 500 2339 ideo
512 2277 622 2338 furtim
636 2277 794 2351 sublatus,
815 2275 888 2356 quia
903 2273 1045 2338 videlicet
1057 2295 1091 2333 ex
1105 2294 1208 2350 serva,
1231 2287 1268 2332 et

247 2406 305 2462 533.
321 2414 461 2466 Certabant.
475 2416 604 2487 Zeugma,
619 2426 709 2485 potest

211 2497 237 2536 et
252 2489 286 2540 ad
299 2491 406 2546 Latinos
427 2509 452 2547 et
470 2495 505 2547 ad
520 2496 651 2564 Tr0Janos
668 2512 709 2544 re-

209 2565 282 2640 ferri.
292 2599 324 2610 -
332 2574 469 2626 Fenestras.
484 2573 571 2624 Caesar
581 2595 587 2623 :
603 2595 614 2617 ιι
624 2571 710 2622 fenes-

209 2659 278 2713 tras,
292 2651 388 2719 quibus
398 2655 424 2704 in
436 2653 502 2704 loris
514 2655 598 2703 visum
612 2665 664 2715 est,
676 2650 710 2702 ad

209 2737 342 2780 tormenta
352 2731 481 2783 mittenda
493 2733 520 2782 in
533 2729 659 2782 struendo
670 2749 709 2782 re-

210 2803 377 2874 liquerunt.»
397 2812 548 2861 Gennanus.

246 2885 306 2958 537.
319 2889 414 2942 Adesis.
425 2891 492 2954 Aut,
505 2890 575 2942 carie
583 2892 638 2960 jam
648 2903 707 2942 ante

210 2971 390 3038 consumptis:
405 2982 451 3020 aut
461 2982 546 3036 certe,
557 2988 623 3041 quos
636 2969 708 3022 flam·

209 3065 253 3097 ma
269 3049 356 3100 exedit
375 3048 543 3102 adhaerendo.
560 3051 659 3102 Verum
675 3049 707 3101 de

207 3124 282 3178 hisce
292 3125 431 3198 aspiciam,
440 3129 493 3182 sive
506 3128 708 3204 anijaculisac-

164 3269 165 3272 Ἴ
210 3208 388 3274 amatissime,
416 3221 446 3260 ut
475 3209 556 3275 solet,
584 3208 707 3260 tractavit

208 3285 232 3335 J.
252 3287 356 3357 Lipsius
371 3289 510 3342 Poliorcet.
523 3289 570 3342 lib.
587 3290 619 3354 V,
636 3287 704 3340 Dial.

208 3366 267 3432 det
278 3365 303 3417 6.
319 3368 427 3420 Taubm.

245 3445 304 3511 545.
327 3449 476 3502 Primaevus.
503 3450 570 3502 Satis
592 3448 706 3514 iudicat,

207 3522 257 3575 lios
273 3524 340 3576 duos
357 3529 438 3585 fuisse
454 3529 563 3594 fratres,
583 3541 608 3580 et
625 3529 707 3597 majo·

143 3601 146 3604 ¹
208 3623 266 3658 rem
279 3625 334 3658 aevo
351 3603 524 3675 Helenorem,
542 3623 572 3660 ut
585 3609 707 3662 habitum

210 3698 271 3737 ante
281 3687 411 3760 legitimas
423 3693 543 3761 nuptias;
558 3691 626 3741 sicut
640 3689 707 3741 solet

209 3783 278 3836 saepe
293 3765 357 3818 lieri.
367 3771 485 3822 -Serva
494 3770 638 3840 Licymnia.
653 3772 708 3820 Ho-

206 3847 305 3896 minem
324 3865 378 3900 non
396 3849 513 3922 legitimo
534 3862 597 3900 toro·
612 3863 704 3901 natum

207 3921 366 3977 Helenorem
378 3928 504 3998 praedicat
516 3931 704 3994 fortissimum,

209 4015 235 4055 et
254 4003 368 4075 gloriose
387 4023 555 4083 pugnantem*
566 4027 618 4081 pro
638 4011 705 4076 vita,

753 2429 803 2484 pro
816 2412 916 2482 patria,
933 2428 984 2480 pro
996 2408 1114 2472 honore,
1130 2409 1267 2460 antefert-

755 2511 807 2562 que
827 2493 899 2562 Lyco
920 2489 1038 2562 legitimo
1055 2487 1124 2553 filio,
1143 2487 1193 2538 sed
1210 2489 1266 2538 im-

753 2571 817 2623 belli
839 2585 864 2622 et
889 2571 1087 2642 ignominioso:
1110 2567 1169 2618 vult
1193 2587 1263 2640 ergo

753 2664 848 2724 poeta,
856 2665 886 2702 ut
894 2665 933 2703 est
942 2650 1180 2714 eminentissima,
1189 2648 1263 2699 indi-

754 2753 815 2786 care
827 2735 967 2804 saepissime
980 2743 1095 2782 nontam
1104 2729 1209 2782 natales
1219 2741 1264 2780 at·

753 2813 917 2881 tendendos,
931 2832 1010 2884 quam
1022 2813 1152 2880 cujusque
1165 2811 1261 2860 facta:

753 2892 818 2946 dant
830 2895 881 2944 ista
892 2911 982 2944 veram
995 2890 1121 2964 gloriam,
1141 2907 1198 2941 non
1213 2908 1263 2940 ve-

754 2987 838 3026 tustus
851 2975 972 3046 sanguim
984 2985 1010 3024 et
1022 2973 1118 3041 cuique
1129 2989 1179 3021 sua
1191 2969 1262 3042 dex-

752 3066 810 3106 tera
821 3073 884 3105 vera
894 3065 934 3104 est
946 3065 1038 3104 mater.
1055 3051 1142 3104 Cerdo.
1152 3081 1187 3088 -
1195 3052 1263 3102 Fur-

752 3133 946 3186 timsustulerat.
954 3135 1072 3203 Estupro
1079 3131 1260 3184 educaverat:

751 3212 814 3264 hinc
827 3227 881 3280 est,
896 3236 906 3258 u
917 3215 950 3263 Et
962 3211 1052 3262 dulcia
1064 3213 1145 3262 furta.
1158 3235 1169 3258 n
1182 3213 1258 3264 Serv.

751 3291 818 3344 Vide
831 3311 926 3363 supra,
939 3310 977 3344 vs.
993 3292 1043 3344 203
1054 3314 1060 3342 :
1072 3291 1194 3342 condivit
1207 3311 1260 3342 au-

751 3386 804 3425 tem
810 3372 1083 3446 hocseientiaLegum
1090 3371 1257 3424 militarium:

752 3455 830 3520 dixit,
846 3455 949 3505 «vetita
961 3473 1043 3505 arma.
1056 3477 1066 3500 n
1080 3453 1175 3522 Neque
1183 3455 1259 3504 enim

751 3533 850 3585 licebat
867 3535 949 3584 servis
964 3533 1092 3583 militare:
1111 3531 1209 3603 Scalig.
1224 3533 1258 3596 V,

752 3613 777 3665 3.
789 3612 855 3664 Vide
865 3612 1006 3664 Gadeseal
1021 3609 1146 3662 Stewecb.
1159 3611 1194 3662 ad
1207 3613 1259 3662 Ve-

752 3704 803 3763 get.
815 3691 861 3742 lib.
873 3693 893 3740 l.
905 3693 981 3742 Hunc
992 3707 1099 3742 sensum
1107 3709 1176 3760 pace
1187 3692 1258 3762 Hey-
1314 3735 1318 3741 .

752 3772 789 3820 nii
801 3781 891 3831 tueor;
904 3787 965 3819 nam
976 3767 1117 3840 Virgilium
1130 3771 1256 3821 novimus

745 3848 854 3914 trahere
868 3848 958 3919 aliqua
973 3847 1006 3900 de
1019 3847 1147 3918 historia:
1162 3867 1256 3901 servos

750 3947 813 3981 sane
826 3945 967 3999 ¹nunquam
985 3929 1113 3984 militasse
1133 3943 1256 3995 constat,

751 4011 803 4060 nisi
826 4010 951 4063 servitute
976 4009 1111 4083 deposita,
1140 4022 1269 4082 excepto*
