2726 4592
342 291 585 357 lucrosa
608 290 644 352 c.
669 289 890 356 carano.
1065 277 1133 363 ’333

90 421 124 474 et
142 415 267 492 artifex,
289 415 457 496 Virgilium
475 425 578 473 tamen
599 411 638 470 ab
660 415 758 472 animi
778 413 912 475 candore
931 428 960 475 et
980 417 1136 499 probitate

89 504 248 585 praecipue
259 503 380 577 laudat,
393 522 494 582 neque
506 521 577 562 eum
589 513 755 581 poetarum
769 503 958 585 principem,
971 505 1021 564 sed
1033 509 1135 568 virum

92 594 252 674 optimum
266 593 353 653 dicit.
427 633 434 641 -

133 681 250 762 Magna
269 681 352 764 apud
373 682 545 762 Augustum
561 679 659 760 gratia
676 677 716 738 ad
733 678 765 737 id
781 701 852 740 usus
869 694 928 757 est,
947 697 984 743 ut
996 684 1140 766 plurimis

91 768 305 848 benefaceret,
317 783 442 832 noceret
450 771 569 831 nemini
580 792 586 828 :
598 769 682 830 bona
695 767 743 850 cuj
749 769 857 830 usdam
871 772 1051 851 exsulantis,
1065 775 1142 836 offe-

92 871 181 920 rente
202 861 355 942 Augusto,
376 861 539 920 recusavit.
561 857 745 918 Parentibus
771 861 940 939 quotannis
964 883 1076 924 aurum
1101 864 1142 924 ad

93 946 310 1008 abundantem
327 950 445 1008 victum
464 947 621 1022 mittebat,
644 965 723 1028 quos
739 943 805 1026 jam
824 948 950 1028 grandis
972 953 1088 1025 amisit,
1107 969 1143 1012 ex

94 1034 211 1116 quibus
223 1047 343 1118 patrem
356 1035 453 1096 oculis
466 1047 607 1116 captum,
625 1046 655 1093 et
666 1033 745 1094 duos
756 1033 867 1094 fratres
879 1056 1055 1115 germanos,
1068 1039 1144 1099 Silo-

94 1144 170 1183 nem
184 1122 397 1206 impuberem,
409 1136 439 1185 et
449 1123 596 1185 Flaccum
605 1121 672 1204 jam
684 1122 837 1184 adultum.

137 1210 297 1272 Defuisset
311 1211 430 1294 aliquid
444 1211 577 1294 Virgilio
592 1213 625 1270 in
639 1211 694 1270 illo
711 1225 862 1274 concentu
877 1210 994 1288 laudis,
1014 1215 1074 1274 nisi
1089 1215 1145 1276 ob·

95 1310 277 1359 trectatores
287 1300 575 1361 obmurmurassent
585 1323 591 1359 :
603 1300 656 1360 sed
667 1320 768 1381 neque
779 1301 856 1378 olim
867 1299 942 1359 dum
953 1303 1081 1380 viveret,
1096 1324 1147 1364 ne-

98 1408 162 1468 que
178 1391 272 1448 etiam
288 1411 373 1450 nunc
390 1412 503 1472 quum,
520 1391 641 1471 scriptis
657 1392 719 1448 suis
736 1391 821 1448 vivat
839 1391 995 1472 spiretque
1011 1410 1147 1474 semper,

97 1475 229 1537 defuere
239 1500 377 1560 unquam
389 1478 497 1540 insulsi
509 1499 653 1539 censores
664 1493 694 1538 et
706 1480 790 1539 iratis
800 1480 896 1539 Musis
909 1481 1025 1561 geniti:
1040 1493 1070 1540 et
1082 1481 1148 1561 ejus

98 1566 230 1649 quidem
240 1568 388 1652 aequales',
403 1565 558 1630 Carbilius
569 1571 673 1629 Pictor
683 1569 816 1644 librum,
826 1570 877 1630 cui
886 1570 994 1629 titulus
1003 1570 1149 1630 AEneido·

99 1658 227 1732 mastix,
242 1657 393 1732 ediderat3
406 1659 582 1718 Herennius
594 1655 719 1738 Virgilii
732 1659 809 1717 vitia
821 1669 1029 1731 contraxerat3
1043 1659 1081 1734 Q.
1093 1660 1150 1719 Oc·

99 1745 204 1804 tarius
214 1746 322 1806 Avitus
333 1759 364 1806 et
374 1745 502 1806 Petilius
514 1747 681 1806 Faustinus
693 1743 832 1827 ejusdem
841 1746 944 1820 furta,
953 1766 1032 1826 quos
1044 1746 1097 1806 ille
1109 1746 1152 1805 sic

100 1833 213 1894 ulcisci
228 1835 364 1912 solebat,
376 1850 411 1896 ut
425 1837 542 1913 sileret,
556 1857 658 1918 neque
672 1857 782 1896 eorum
795 1835 923 1895 fremitu
934 1857 952 1894 a
964 1834 1075 1898 studiis
1087 1836 1151 1896 suis

101 1925 228 1984 avocari
245 1946 276 1986 se
292 1941 460 2008 pateretur.
481 1927 632 1988 Asconius
644 1926 800 1987 Pedianus
816 1925 916 2002 libro,
936 1947 1028 2007 quem
1043 1937 1153 1986 contra

100 2013 229 2095 Virgilii
250 2016 474 2078 obtrectatores
495 2017 632 2099 scripsit,
659 2017 691 2076 id
713 2018 742 2078 ei
768 2018 967 2099 potissimum
993 2012 1153 2096 objectum

100 2101 199 2162 fuisse
214 2102 303 2190 dicit,
322 2106 407 2186 quod
421 2127 477 2166 nec
491 2119 571 2166 recte
586 2104 751 2165 historiam
765 2106 982 2178 contexuisset,
1006 2115 1036 2162 et
1052 2103 1154 2184 plera·

101 2213 167 2274 que
183 2191 383 2254 desumsisset
401 2208 438 2256 ex
451 2198 606 2270 Homero,
625 2194 717 2253 illum
729 2215 802 2253 vero
820 2192 880 2253 hoc
896 2193 1033 2252 criminis
1047 2193 1090 2251 sic
1104 2190 1156 2250 de·

101 2281 235 2342 fendere
253 2275 396 2360 solitum,
417 2306 474 2345 cur
492 2306 559 2345 non
576 2297 607 2344 et
623 2283 670 2342 illi
688 2282 796 2342 eadem
813 2302 938 2362 quoque
957 2279 1041 2339 furta
1059 2292 1156 2340 teuta·

102 2384 191 2448 reut;
215 2371 268 2432 sed
291 2373 500 2435 intellecturos
521 2373 643 2434 facilius
665 2391 731 2432 esse
752 2369 878 2431 Herculi
901 2369 1036 2443 clavam,
1060 2387 1156 2448 quam

105 2465 248 2523 Homero
260 2483 384 2523 versum
397 2465 559 2546 surripere.

147 2553 265 2613 Verum
282 2567 320 2612 ut
336 2567 459 2614 tantum
477 2569 604 2636 poetam
620 2548 852 2634 paucialiquot
869 2546 1017 2607 malevoli
1036 2545 1156 2605 carioso

106 2640 206 2700 dente
231 2656 422 2717 arroserunt,
447 2644 491 2701 ita
515 2661 587 2700 eum
606 2653 641 2700 ut
661 2639 767 2699 latinae
785 2656 913 2719 poeseos
930 2635 1104 2718 principem
1124 2653 1159 2692 ac

106 2749 201 2813 paene
207 2730 309 2790 Deum
317 2731 416 2790 coluit
423 2732 558 2790 maxima
569 2737 638 2811 pa'rs
648 2728 847 2811 posteritatis.
857 2724 980 2806 Virgilii
991 2723 1160 2804 imaginem

106 2815 318 2878 venerabatur
336 2817 442 2902 Silius,
461 2818 591 2900 ejusque
608 2815 746 2878 natalem
762 2813 936 2894 religiosius
953 2832 1048 2892 quam
1067 2827 1159 2868 suurn

107 2907 302 2984 celebrabat,
312 2908 444 2990 Neapoli
455 2911 602 2983 maxime,
611 2905 668 2967 ubi
679 2915 922 2966 monumentum
932 2897 997 2980 ejus
1012 2898 1113 2971 adire,
1125 2909 1161 2956 ut

110 2993 283 3076 templum,
304 2995 433 3056 solebat.
453 2996 637 3078 Virgilium,
658 2994 824 3054 Platonem
844 3001 1009 3072 poetarum
1029 2982 1162 3044 vocabat

111 3087 285 3166 imperator
299 3084 473 3145 Alexander
483 3086 625 3161 Severus,
640 3083 767 3166 ejusque
782 3081 934 3162 effigiem,
949 3089 985 3136 ut
997 3086 1027 3135 et
1040 3074 1162 3133 Cicero·

110 3176 179 3248 nis,
192 3173 227 3232 in
238 3175 365 3234 Larario
379 3169 531 3249 babebat,
546 3196 640 3256 quam
653 3173 762 3234 divino
776 3173 840 3232 ritu
852 3168 975 3230 coleret.
987 3163 1044 3226 Sed
1059 3162 1163 3244 potius

112 3261 194 3344 quid
210 3263 277 3345 ipse
293 3263 441 3344 Virgilius
459 3277 567 3338 canat,
587 3283 682 3344 quam
695 3259 773 3344 quid
787 3258 842 3318 alii
859 3257 897 3317 de
910 3276 949 3314 eo
959 3251 1099 3353 judicent
1113 3270 1165 3309 au·

113 3352 254 3427 diamus,
275 3373 373 3432 quum
394 3375 430 3412 ea
447 3356 499 3428 sit,
519 3363 554 3411 ut
572 3351 724 3419 Macrobii
744 3347 844 3408 verbis
861 3356 944 3417 utar,
967 3353 1044 3402 tanti
1063 3350 1165 3434 poetar

114 3442 234 3522 gloria,
251 3454 285 3500 ut
300 3440 417 3502 nullius
429 3439 576 3500 laudibus
588 3451 717 3512 crescat,
735 3434 854 3496 nullius
868 3429 1095 3512 vituperatione
1108 3443 1165 3482 mr-

117 3541 245 3588 nuatur.

431 3745 534 3790 FllllS
559 3741 653 3787 VITAE
677 3735 859 3783 VlllGlLll.
