2726 4592
73 464 158 528 docti
174 469 380 546 haberentur,
398 491 463 530 non
477 473 572 532 modo
583 469 662 554 aegre
674 497 736 535 non
753 476 886 558 ferebat,
904 484 1000 548 immo
1010 492 1120 576 volup·

69 571 199 616 tuosum
212 559 242 618 id
254 561 312 619 sibi
323 574 396 619 erat.
408 585 421 615 a
434 563 547 620 Scribit
554 563 647 636 idem,
658 560 755 625 tantae'
766 567 926 632 modestiae
935 575 1026 637 luisse
1036 579 1119 642 hunc

70 645 1118 752 virum,utquumRomaea'praetereuntibusdigitoindicaretur,ipse

69 735 176 792 statim
192 737 371 816 confugeret
385 735 424 794 ad
438 740 750 818 proximum-tectum.
772 745 816 802 Ad
836 745 916 808 hanc
935 755 1118 818 modestiam

72 825 232 899 pertinent
243 825 336 886 verba
351 827 408 887 ista
421 825 576 905 ejusdem:
594 830 770 891 «Pedianus
783 835 890 910 refert,
905 839 1000 902 fuisse
1019 867 1117 928 usque
1169 872 1179 896 r

73 907 152 969 adeo
167 913 293 973 invidioe
308 929 477 995 expertem,
492 929 539 989 ut,
552 918 576 975 si
593 920 666 997 quid
685 920 805 981 erudite
817 923 936 986 dictum
953 931 1119 1012 inspiceret
1161 967 1162 973 ¹

74 997 216 1076 alterius,
230 1023 293 1062 non
309 1005 589 1084 minusgauderet,
604 1027 639 1066 ac
651 1010 674 1066 si
688 1030 781 1070 suum
795 1012 919 1074 luisset:
933 1019 1059 1080 solitum
1072 1026 1118 1082 vi-

70 1097 217 1166 tuperare
235 1093 407 1167 neminem,
423 1091 550 1152 laudare
572 1094 681 1154 bonos.
692 1121 705 1152 n
718 1099 771 1156 -nd
795 1101 888 1159 istum
904 1118 1117 1188 contemptum

72 1174 181 1253 gloriae
199 1176 286 1252 facit,
301 1179 383 1259 quod
401 1182 444 1239 ait
461 1183 489 1240 S.
509 1184 634 1261 August.
652 1182 706 1242 lib.
724 1187 793 1244 XXI
807 1187 898 1247 Civit.
916 1189 954 1250 de
970 1195 1117 1274 Virgilio,

71 1264 240 1341 protulisse
257 1265 342 1326 hunc
364 1269 463 1326 virum
487 1271 690 1344 sententiam,
709 1293 772 1352 qua
789 1271 956 1334 Christiani
975 1273 1134 1361 frequen-v

71 1351 209 1429 tissime,
220 1369 250 1414 et
271 1358 329 1415 viri
351 1357 483 1416 humiles
495 1371 633 1418 utantur.
653 1362 728 1419 Rem
744 1362 884 1421 eamdem
904 1367 1034 1427 rimatur
1048 1373 1116 1430 Sca·

70 1438 150 1520 liger
162 1463 197 1500 ex
210 1446 292 1504 exitu
302 1445 357 1505 illo
373 1447 531 1506 modestiae
542 1447 741 1528 plenissimo:
758 1475 771 1506 u
783 1453 856 1512 Haec
867 1475 958 1536 super
970 1479 1115 1520 arvorum

70 1531 176 1607 cultu,
192 1531 402 1618 pecorumque
417 1537 585 1597 canebam:
598 1563 611 1593 ι)
626 1551 656 1598 et
670 1538 747 1598 alios
761 1557 867 1621 poetas
882 1567 951 1604 cum
968 1547 1022 1606 illo
1034 1571 1117 1610 cum-

72 1641 200 1699 parans,
220 1640 397 1706 arrogantes
412 1627 522 1685 merito
539 1641 644 1686 vocat:
659 1630 712 1688 sed
728 1629 809 1690 hanc
821 1632 1004 1696 modestiam
1019 1641 1116 1699 animi

71 1712 152 1771 mihi
170 1717 301 1774 maxime
317 1715 468 1790 declarat,
489 1716 582 1792 illud,
604 1719 688 1798 quod
704 1722 737 1778 in
753 1721 818 1800 ejus
834 1725 895 1783 vita
910 1726 1036 1808 legitur3
1059 1752 1116 1790 no-

71 1798 167 1859 luisse
181 1804 318 1882 accipere
328 1802 368 1864 ab
383 1808 519 1886 Augusto
532 1807 615 1867 bona
627 1806 790 1888 cujusdam
806 1813 932 1891 exsulis,
945 1837 1015 1896 quae
1027 1821 1115 1899 prin·

70 1906 142 1966 ceps
156 1885 318 1948 offerebat.

530 1965 658 2037 maras

109 2109 262 2169 Jovianus
281 2111 314 2167 in
332 2108 472 2189 AEgidi0:
490 2135 505 2164 ιι
514 2109 662 2190 Virgilius
682 2114 807 2193 pietatis
825 2116 1068 2176 studiosissimus
1080 2141 1086 2176 ε
1098 2144 1111 2174 a

67 2197 206 2278 Scaliger
217 2197 271 2255 lib.
284 2199 311 2255 V
326 2199 383 2270 ait,
399 2197 589 2278 «Virgilium
605 2198 761 2258 addidisse
776 2222 831 2260 suo
848 2205 934 2282 operi
950 2206 1114 2283 pietatem,

68 2309 133 2370 qua
146 2291 300 2346 Homerus
314 2301 413 2346 caret-t
425 2312 438 2342 n
457 2287 509 2345 sed
525 2307 590 2345 non
603 2299 647 2344 est
659 2307 795 2362 necesse,
815 2287 896 2367 hanc
910 2293 1057 2350 virtutem
1069 2295 1115 2350 in-

65 2379 174 2439 dicare
187 2401 224 2438 ex
237 2378 436 2453 Auctoribus,
450 2377 503 2436 ubi
517 2389 615 2456 exstat
624 2375 733 2435 'divina
745 2378 862 2453 AEneis,
875 2391 942 2438 tota
957 2385 1114 2463 exspirans

67 2471 233 2552 pietatem,
256 2469 310 2526 ubi
329 2481 429 2527 exstat
447 2468 511 2548 ipse
530 2468 637 2524 AEneas
655 2467 1063 2548 piissimorumpiissimuS,
1085 2484 1115 2528 et

65 2559 192 2617 virtutis
204 2556 298 2636 hujus
310 2556 468 2636 singulare
480 2553 667 2634 exemplum.
680 2554 771 2612 Dices
783 2577 790 2614 ε
802 2557 901 2614 virtus
911 2555 976 2617 haec
988 2578 1114 2639 poeseos

68 2661 127 2724 est,
149 2667 214 2706 non
228 2661 340 2728 poetae3
362 2645 479 2703 fateor:
501 2643 552 2702 sed
569 2643 836 2724 quemadmodum
851 2649 1025 2723 sententiae,
1044 2669 1114 2730 quae

66 2757 181 2818 sparsae
196 2737 228 2793 in
240 2734 380 2808 AEneide,
395 2732 595 2818 prudentiam
608 2731 702 2812 hujus
715 2734 772 2789 viri
787 2732 941 2810 indicant,
958 2739 1001 2796 ita
1015 2740 1113 2818 pietas

67 2826 172 2905 operis
187 2825 337 2905 pietatem
351 2823 429 2880 viri:
448 2820 524 2880 hinc
538 2823 603 2895 est,
621 2835 655 2880 ut
672 2820 766 2880 fuisse
783 2841 906 2901 quoque
922 2826 952 2880 in
972 2824 1032 2885 hoc
1046 2829 1112 2884 viro

8 2929 9 2932 ’
66 2910 257 2992 religionem
278 2909 467 2989 singularem
490 2910 609 2989 possim
633 2909 821 2983 existimare,
848 2929 884 2968 ex
909 2909 1060 2990 religione
1085 2926 1116 2971 et
1214 2971 1216 2976 ,

65 3001 168 3074 cultu,
188 3021 250 3080 quo
266 2999 363 3058 afficit
377 3019 453 3058 suos·
463 3001 559 3058 Deos:
584 2998 751 3078 dequibus
768 2997 850 3056 nihil-
863 3019 1001 3078 unquam
1016 2999 1113 3058 sordi-

62 3091 143 3150 dum
156 3087 408 3169 praedicatsnihil
422 3085 603 3166 in‘dignum3
615 3102 648 3146 ut
660 3090 825 3160 llomerus,
837 3089 890 3169 qui
901 3086 971 3146 illos
984 3089 1111 3168 indigne

62 3177 259 3262 pessumdat,
274 3189 304 3234 et
317 3175 414 3236 afficit
427 3173 647 3234 sordidissime.
667 3177 755 3233 Paria
769 3176 806 3234 de
821 3173 1020 3248 fortitudine,
1038 3190 1113 3234 tem·

64 3267 225 3350 perantia,
244 3263 382 3344 justitia:
403 3275 521 3322 exstant
538 3263 621 3321 enim
641 3263 753 3322 harum
772 3265 922 3321 virtutum
945 3263 1112 3323 clarissima

63 3355 207 3437 exempla
222 3357 254 3412 in
268 3352 487 3428 totaAEneide,
503 3364 571 3433 quae
584 3353 711 3412 diversis
726 3355 757 3410 in
771 3350 847 3410 locis
864 3355 1007 3432 aperiunt
1022 3353 1115 3412 interss

63 3457 183 3528 protes,
196 3458 225 3500 et
238 3463 329 3522 supra
341 3462 448 3500 omnes
458 3441 600 3520 Scaliger,
613 3439 819 3498 effusissimus
830 3459 952 3520 semper
962 3441 992 3497 in
1004 3439 1110 3500 laudes

62 3531 200 3614 Virgilii.
214 3531 259 3589 Ab
272 3529 371 3589 Coelio
389 3529 442 3588 lih.
458 3531 513 3587 XX
528 3530 632 3607 Anth.
645 3531 725 3585 Lect.
743 3527 858 3586 dicitur
871 3529 1031 3609 Virgilius,
1045 3533 1111 3590 Mo-

60 3643 129 3683 rum
138 3618 331 3679 sanctitudine
340 3616 513 3694 praecellens.
524 3616 657 3685 Martial.
668 3613 724 3673 lib.
736 3617 775 3674 Xl
787 3617 844 3673 ait:
856 3619 965 3675 Sancta
975 3619 1110 3676 Maronis

60 3714 196 3774 nomina.
207 3711 268 3768 Dat
278 3708 324 3766 illi
336 3711 444 3768 Horat.
460 3711 521 3767 Sat.
533 3707 565 3780 5,
581 3705 635 3764 lib.
646 3706 674 3779 l,
689 3704 787 3770 Cundo
860 3708 971 3764 animi:
982 3707 1109 3766 demum

61 3800 152 3859 nulla
165 3796 228 3858 fere
239 3811 284 3855 est
297 3797 408 3870 virtus,
420 3817 515 3875 quam
526 3797 675 3874 assignari
685 3792 758 3852 huic
775 3725 916 3867 &iinon
926 3795 1058 3856 videam.

382 3926 386 3934 ’
425 3949 555 3988 aaoara
577 3947 619 3986 aa
641 3935 752 3985 urim.

101 4053 242 4127 Utilitas,
255 4074 350 4134 quam
363 4056 521 4136 percipere
533 4068 664 4134 possunt
676 4051 823 4114 mortales
835 4072 942 4112 omnes
958 4072 994 4112 ex
1008 4051 1108 4128 Virgi-
1192 4139 1193 4142 Ἴ

133 4168 158 4218 7-
886 4152 917 4204 23
