2720 4588
286 197 287 200 ‘
340 201 392 263 lu
417 199 884 269 unaruosurnxn.
1068 217 1130 302 2⁴7

85 315 155 380 bant
164 319 206 382 ibi
214 320 391 403 donufiqere
405 323 481 385 Divo
496 323 650 396 Laurenti,
663 321 695 385 id
710 335 770 398 est,
781 326 945 401 Fauno,et
955 342 1035 402 uetus
1046 347 1132 394 uestes

83 408 273 486 suspendere:
287 409 344 470 sed
360 413 462 470 Teucri
476 408 558 470 nullo
566 409 746 486 discrimine,
758 413 789 472 id
797 429 862 489 est,
873 415 961 478 nullo
974 419 1134 498 religionis

84 494 202 556 iutuitu
218 515 251 560 et
268 500 466 561 observantia
485 497 661 560 sustulerant
674 521 787 583 sacram
803 508 936 585 stirpense
950 509 1045 584 ratio,
1059 531 1133 590 puro

84 595 116 642 ut
127 603 247 664 possent
258 611 428 650 concurrere
441 610 553 670 conspe.

123 701 193 765 772.
207 687 319 748 AEneas
330 707 421 767 ergo,
431 707 530 768 quum
544 685 665 748 hastam
678 687 826 750 adversus
835 694 978 753 Turnum
987 694 1133 777 conjecis-

84 781 142 842 set,
151 772 205 838 illa
219 773 319 836 delata
331 777 363 836 in
378 774 545 838 oleastrum
556 775 777 836 haerebatforti
790 800 895 844 morsu
909 804 917 854 3
928 782 1011 842 illam
1021 785 1132 844 AEneas

84 859 187 922 voluit
201 866 390 942 convellere,
401 881 437 926 ut
449 865 512 926 telo
525 881 755 946 assequeretur,
766 889 856 948 quem
869 891 959 931 rursu
971 875 1131 954 nequibat.

85 945 178 1022 Quod
196 969 235 1013 ut
249 957 372 1018 Turnus
394 955 475 1016 vidit
489 976 594 1016 amens
612 977 676 1036 pres
695 955 883 1034 formidine,
903 963 1046 1026 Faunum
1061 984 1132 1044 pre-

84 1054 188 1116 catur,
210 1055 247 1106 ut
262 1047 449 1107 misereatur
470 1047 535 1118 sui3
557 1048 700 1120 Terram,
721 1062 754 1106 ut
772 1047 889 1107 ferrum
911 1064 1029 1109 teneat:
1047 1055 1133 1132 quasi

84 1121 180 1201 dicat;
197 1152 256 1210 pro
270 1154 319 1194 me
334 1147 412 1194 state
422 1177 430 1209 ,
442 1149 472 1194 et
482 1149 591 1194 contra
602 1136 717 1194 AEuean
728 1157 734 1194 :
747 1157 810 1216 pro¹
821 1157 885 1207 me,
901 1139 953 1218 qui
965 1159 1131 1219 semperm-

85 1211 127 1274 lui
141 1215 266 1281 lusores
278 1235 397 1282 uestros:
416 1238 525 1286 contra
537 1227 670 1299 AEueau3
685 1246 758 1284 nam
780 1225 920 1286 AEueadae
939 1225 1060 1286 honores
1077 1224 1133 1290 ve's·

84 1310 289 1391 waprosauos
295 1312 413 1394 fircera.-
427 1311 522 1394 idque
532 1311 622 1387 bed05
633 1317 704 1394 quia
715 1314 753 1374 ad
772 1335 864 1376 ustum
877 1315 951 1375 belli
966 1330 1072 1375 erutus
1088 1330 1133 1374 est

85 1387 125 1452 ab
138 1394 202 1458 illis
218 1399 348 1460 oleaster
361 1421 457 1461 sacer.

118 1495 189 1573 780.
201 1499 332 1559 Auditus
346 1502 471 1560 Turnus
486 1512 532 1558 est
545 1499 583 1558 ab
596 1502 705 1560 Fauno
719 1524 727 1575 ;
746 1522 819 1560 nam
833 1500 1085 1562 lurtaturAEneas
1102 1514 1132 1562 et

84 1577 152 1659 diu,
166 1601 198 1646 et
213 1591 324 1671 nequit
341 1589 529 1665 convellere,
543 1592 615 1671 quia
630 1588 713 1648 lenta
726 1590 811 1649 radix
827 1613 833 1648 :
853 1593 932 1650 inea
949 1613 1052 1666 mora,
1065 1611 1132 1651 erce

83 1669 219 1736 Juturna
235 1699 381 1740 conversa
397 1682 513 1740 iterum
528 1681 561 1739 in
578 1681 759 1756 Metiscum,
775 1680 828 1739 dat
842 1703 943 1741 ensem
958 1682 1045 1741 fratri
1060 1702 1132 1763 pro-

16 1763 17 1768 ’
83 1761 189 1836 prium
204 1787 210 1822 τ
227 1766 390 1848 indignata
405 1769 510 1827 Venus
526 1768 558 1827 id
571 1770 597 1826 N
601 1767 724 1849 ynrphae
738 1768 848 1844 licere,
861 1771 987 1829 arcessit
1004 1771 1086 1852 ipsa,
1104 1781 1133 1829 et

84 1851 207 1914 revellit
219 1855 315 1916 telum
330 1881 338 1931 3
359 1855 405 1916 illi
420 1858 526 1938 itaque
538 1861 704 1940 resumptis
718 1860 826 1932 armis,
844 1859 950 1918 refecti
962 1862 1054 1919 etiam
1069 1863 1133 1920 ani-

82 1942 149 2015 mis,
158 1947 214 2024 qui
228 1949 322 2006 armis
333 1947 455 2006 amissis
465 1947 562 2008 veluti
572 1962 766 2030 torpuerant,
775 1948 906 2008 redeunt
914 1951 953 2008 ad
963 1965 1132 2023 certamen,

83 2027 205 2093 Turnus
222 2034 328 2116 gladio
350 2035 464 2112 fidens,
485 2040 595 2098 AEneas
615 2039 705 2100 hasta
725 2060 809 2114 acer,
826 2053 923 2121 ¹atque
945 2039 1078 2115 arduus,
1099 2039 1133 2098 id

88 2134 144 2196 est,
157 2125 326 2208 gloriosus.

122 2239 194 2300 791.
216 2225 379 2306 Spectabat
403 2226 433 2285 id
458 2229 609 2308 temporis
631 2227 669 2285 de
683 2229 918 2307 nubepngnam
935 2229 1018 2286 luno
1041 2226 1133 2284 avida

85 2309 193 2368 tuendi
208 2313 321 2387 Turni3
336 2313 423 2373 illam
435 2317 582 2396 luppiter
595 2315 675 2388 adit,
686 2325 716 2372 et
729 2313 910 2394 alloquitur.
1058 2319 1061 2330 '

120 2395 191 2477 793.
215 2401 289 2460 Haec
308 2402 410 2460 oratio
429 2415 494 2461 tota
514 2401 689 2460 destinatur
709 2401 746 2458 ad
768 2401 937 2479 imperium
954 2398 1132 2471 luliarum,

82 2484 165 2560 quod
179 2486 336 2566 pendebat
349 2509 366 2546 a
377 2489 507 2549 victoria
517 2492 629 2550 AEneae.
640 2491 775 2547 Exorsus
788 2487 939 2545 orationis
953 2499 1022 2542 esta
1039 2484 1132 2544 taedio

81 2569 175 2651 ipsius
189 2579 277 2636 Jovis
284 2575 351 2656 jam
366 2577 460 2658 longo
475 2579 558 2638 bello
574 2577 714 2658 fatigati:
729 2575 873 2656 qutefinis
882 2621 890 2648 ,
906 2589 978 2648 eto,
993 2573 1066 2657 quid
1075 2595 1132 2633 res·

85 2660 142 2718 tot?
151 2674 211 2721 etc.
228 2665 333 2722 Statim
355 2677 389 2722 ut
402 2666 562 2722 Jrrnonem
579 2676 724 2722 amoveat
741 2663 780 2720 an
795 2663 883 2721 inani
899 2661 1002 2721 studio
1020 2677 1049 2722 et
1062 2682 1132 2743 spe,

85 2767 145 2827 qua
160 2747 258 2810 haeret
273 2754 305 2810 in
319 2752 471 2828 nubibus,
485 2754 545 2826 ait,
556 2750 650 2810 fatale
658 2752 725 2830 jam
741 2771 819 2824 esse,
832 2764 867 2810 ut
879 2752 988 2810 AEneas
1001 2753 1040 2810 sit
1051 2753 1133 2817 Deus

84 2838 223 2921 indiges,
239 2841 489 2923 rapiendumque
499 2845 531 2900 in
544 2841 669 2914 raelum,
694 2853 728 2899 ut
743 2839 863 2902 colatur
873 2853 1020 2918 tanquam
1033 2843 1133 2916 Deus,

83 2928 165 3007 quod
179 2943 209 2988 et
221 2931 239 2988 J
243 2953 305 2990 uno
321 2935 387 3012 ipsa
405 2929 538 3004 sciebat3
552 2946 581 2990 et
596 2951 627 2990 se
643 2930 718 2989 scire
732 2928 889 2987 fatebatur
904 2953 912 2986 :
928 2948 1000 3006 ergo
1019 2931 1041 2986 si
1063 2930 1131 3010 ipsa

83 3017 138 3074 scis
158 3015 301 3076 futurum
321 3017 436 3092 Deum,
452 3033 483 3077 et
497 3017 558 3076 hoc
573 3039 589 3077 a
604 3017 675 3076 fatis
695 3015 849 3088 didicisti,
864 3013 935 3096 quid
946 3013 1046 3073 struis?
1062 3035 1132 3094 quae

84 3117 135 3162 tua
148 3107 252 3166 inanis
260 3119 289 3166 et
300 3129 370 3167 vere
382 3107 485 3189 gelida
495 3127 578 3188 spes,
587 3127 651 3166 non
663 3104 916 3184 minusacnubes
925 3114 997 3163 sunt
1007 3102 1132 3184 gelidae,

88 3193 118 3250 in
133 3179 249 3276 quilrus
264 3193 375 3256 haeres?

123 3315 192 3377 797.
214 3295 367 3377 Proponit
385 3294 430 3364 illi
450 3295 562 3354 deiude
583 3307 655 3360 ante
671 3293 804 3367 oculos,
823 3312 892 3374 quar
910 3292 995 3351 Juno
1013 3293 1077 3374 ipsa
1100 3306 1130 3372 et

86 3399 193 3443 contra
209 3383 358 3446 decorum
369 3384 490 3460 fecerit,
502 3399 532 3444 et
544 3398 653 3454 contra
667 3383 728 3444 iata
739 3407 745 3443 :
758 3395 867 3443 contra
880 3381 1042 3452 decorum3
1056 3403 1131 3442 nam

86 3491 149 3531 non
171 3471 276 3532 decuit
290 3475 406 3534 AEnean
426 3475 541 3533 Divum
555 3473 696 3531 futurum
716 3472 826 3532 violari
841 3469 965 3529 mortali
981 3471 1128 3530 vulnere:

88 3573 195 3620 contra
206 3560 287 3632 fata;
298 3583 373 3621 nam
386 3560 527 3620 redditus
540 3563 703 3620 est·Turno
717 3561 815 3632 ensis,
832 3561 884 3640 qui
899 3561 982 3640 prius
995 3573 1133 3641 ereptus,

89 3652 174 3709 atita
190 3653 235 3710 vis
247 3653 330 3711 victo
344 3667 509 3712 cresceret:
524 3672 622 3733 quum
638 3651 682 3710 ait
693 3664 820 3732 ereptum
835 3671 928 3730 aurern
938 3695 947 3723 ,
959 3649 1033 3708 satis
1049 3648 1131 3707 indi·

90 3750 150 3811 cat,
165 3758 231 3798 non
246 3752 312 3798 tam
329 3740 554 3820 praecipitantia
572 3740 669 3798 Turni
683 3738 715 3798 id
734 3738 868 3812 facturn,
885 3756 980 3818 quarn
994 3737 1131 3799 Deorum

89 3823 248 3887 voluntate
266 3840 297 3888 et
313 3827 391 3890 fato.
413 3831 506 3911 Atqui
526 3829 559 3899 id
573 3831 705 3901 Juturna
718 3827 853 3900 fecerat:
871 3847 955 3900 vere,
970 3823 1020 3884 sed
1047 3823 1134 3906 (quid

90 3915 162 3974 arim
172 3917 235 3976 siue
246 3929 281 3992 te,
291 3917 430 3983 Deorum
441 3919 722 3991 maximatusunu
731 3910 1133 3990 Numeninieriusualereti)
