2704 4582
242 329 302 376 100
564 301 945 368 COMMEN'I'ARIA
1018 291 1026 306 '

232 441 316 505 tore,
334 426 436 488 Pallas
452 424 515 487 telo
532 437 683 507 occupat:
702 437 794 506 atque
811 424 888 485 adeo
904 423 982 485 dum
998 423 1136 506 spolium
1149 430 1302 509 quaerit,

233 529 366 576 mortem
378 515 508 574 invenit.

271 603 340 678 426.
354 599 517 661 Delabitur
528 613 621 682 poeta
634 598 673 658 ad
686 619 733 660 res
745 600 853 676 Lausi,
865 599 949 659 unde
960 600 1127 660 innexione
1139 600 1299 682 quadam

231 688 371 773 pendent
386 690 509 762 omnia,
531 708 601 769 quae
619 699 793 769 sequuntur
811 688 845 746 in
864 685 925 746 hoc
943 685 1035 748 libro.
1056 686 1161 748 Halesi
1178 702 1300 748 morte

232 783 353 840 Lausus
371 797 571 859 nequaquam
589 774 708 836 fractus
727 789 791 850 est;
818 773 1035 857 neque-fugit,
1058 777 1156 837 immo
1177 779 1300 837 acrius

232 871 389 945 incubuit,
404 869 505 948 utqui
516 887 584 948 pars
597 867 696 948 inqens
709 862 795 925 betti.-
814 877 844 924 et
860 877 931 925 ante
948 866 1054 926 omnia
1065 866 1226 926 Abantem
1241 867 1300 926 in-

231 959 361 1036 terficit,
385 956 438 1040 qui
459 947 585 1038 reliquis
607 977 665 1037 pro
680 977 771 1015 rnuro
795 968 876 1030 erat3
898 954 969 1015 ideo
990 969 1081 1016 vocat
1100 955 1238 1031 nodum,
1266 968 1301 1016 et

231 1069 354 1110 morum.
374 1046 444 1123 Quo
456 1059 612 1126 prostrato
627 1043 662 1104 lit
676 1043 774 1104 caedes
785 1045 881 1117 mira3
900 1063 974 1102 nam
990 1043 1083 1104 multi
1099 1046 1298 1126 promiscue

231 1139 365 1212 cadunt,
387 1134 538 1210 Arcades,
559 1134 718 1207 Hetrusci,
739 1130 885 1212 Trojani:
913 1153 948 1192 ex
973 1131 1034 1193 bae
1054 1135 1140 1194 enim
1157 1133 1295 1215 triplici

231 1237 321 1308 gente
335 1223 488 1285 conflatus
500 1223 602 1281 AEneoe
614 1221 781 1280 exercitus:
796 1233 887 1302 poeta
899 1223 1006 1280 omnia
1017 1226 1161 1288 παθητικῶς
1172 1221 1295 1281 verbis

228 1315 380 1385 sternitur,
394 1321 575 1382 sternitum,
589 1305 740 1388 imperdita
751 1327 872 1389 corporo
885 1309 990 1368 Graiis.
1093 1335 1095 1340 ·

267 1397 337 1475 431.
355 1397 498 1478 Explicat
514 1394 613 1476 qualis
630 1391 681 1454 hic
695 1394 875 1470 conflictus,
896 1393 951 1454 ubi
972 1416 1138 1456 concursus
1158 1393 1291 1455 ducum

227 1491 371 1574 pariunt,
390 1487 505 1546 virium
517 1486 658 1566 parium3
678 1481 734 1544 ubi
750 1487 935 1568 posteriores
953 1484 1154 1568 propellunt,
1173 1497 1206 1544 et
1223 1485 1290 1545 ad-

227 1579 358 1638 densent
374 1574 509 1655 priores,
529 1571 727 1654 redduntque
742 1573 785 1632 ita
803 1569 974 1648 confertos,
992 1586 1027 1633 ut
1042 1593 1098 1633 uec
1115 1572 1196 1647 tela,
1218 1593 1289 1633 nec

228 1676 341 1724 manus
355 1662 473 1720 moveri
489 1673 560 1740 apte
574 1663 705 1741 possint.

268 1751 338 1828 433.
352 1751 477 1808 Dixerat
492 1768 583 1830 pares
601 1770 663 1809 esse
680 1750 792 1810 duces:
813 1749 948 1832 explicat
957 1751 1023 1830 jam
1037 1753 1071 1809 in
1086 1749 1203 1831 quibus
1217 1753 1289 1812 sita

228 1837 294 1900 haec
304 1835 479 1918 equalitas,
493 1835 639 1896 videlicet
650 1838 683 1895 in
693 1839 823 1913 virtutc3
833 1841 866 1898 in
876 1852 965 1900 aetate
974 1861 982 1913 3
991 1841 1024 1898 in
1036 1835 1155 1910 forma3
1168 1840 1203 1898 in
1214 1839 1290 1900 for·

227 1940 321 1985 tuna:
340 1927 372 1984 in
386 1925 516 1998 virtute,
531 1943 605 1982 nam
622 1937 738 2006 uterque
750 1939 847 2007 uper,
867 1940 983 2008 uterque
998 1929 1102 1986 instat:
1117 1927 1152 1984 in
1167 1940 1284 2002 aetate,

188 2021 190 2024 ’
229 2033 302 2072 nam
314 2031 372 2092 par
382 2009 480 2069 ferme
490 2013 635 2092 utriques
656 2013 688 2070 in
705 2011 824 2090 forma,
845 2035 920 2074 nam
936 2014 1059 2093 utrique
1077 2015 1221 2094 egregie:
1245 2019 1284 2076 in

227 2101 371 2174 fortuna,
390 2119 462 2158 nam
475 2113 584 2160 neuter
594 2099 747 2161 rediturus
760 2104 792 2161 in
804 2105 958 2184 patriam:
978 2099 1030 2162 sed
1046 2101 1150 2162 noluit
1165 2117 1283 2166 tamen

226 2189 391 2270 luppiter,
413 2199 449 2246 ut
468 2186 526 2246 sibi
550 2203 769 2265 occurrerent,
789 2203 821 2250 et
839 2193 920 2249 inter
937 2211 968 2249 se
988 2188 1281 2270 congrederentur:

225 2279 369 2338 imminet
388 2277 651 2364 quippe-utrique
668 2278 770 2359 major
789 2291 820 2338 et
837 2277 976 2339 nobilior
993 2277 1110 2354 hostis,
1134 2280 1282 2342 Pallanti-

225 2367 365 2439 Turnus,
381 2367 481 2424 Lauso
496 2365 618 2425 AEneas.
1123 2420 1126 2426 .

263 2451 333 2534 439.
347 2451 470 2533 Duplex
480 2454 647 2527 sententia3
667 2456 770 2534 prior,
791 2467 826 2514 ut
841 2453 940 2530 dicat,
960 2457 1117 2514 monitum
1132 2475 1149 2513 a
1164 2475 1283 2520 sorore

222 2543 381 2614 Turnum,
393 2540 448 2618 qui
459 2537 577 2598 volanti
589 2560 682 2599 curru
695 2543 727 2599 in
740 2561 865 2601 omnem
878 2555 1000 2623 partem
1012 2542 1189 2603 ferebatur:
1205 2567 1280 2626 pos-

222 2631 332 2702 terior,
352 2647 446 2706 quam
466 2629 509 2686 ita
527 2630 666 2710 concipit
683 2631 821 2708 Servius,
840 2634 968 2692 monitus
983 2653 1003 2692 α
1018 2653 1112 2694 somne
1130 2638 1280 2698 continuo

222 2728 300 2778 secat
308 2735 414 2795 aqmen
421 2759 430 2787 ‚
438 2712 585 2773 'videlicet
597 2729 747 2778 venturus
759 2721 791 2778 in
804 2719 965 2782 auxilium.

261 2799 330 2878 441.
346 2803 388 2861 Ut
402 2799 442 2859 ad
454 2821 525 2861 suos
536 2803 658 2863 Turnus
670 2809 828 2886 pervenit,
843 2820 950 2866 monet
964 2805 1052 2882 illos,
1070 2819 1194 2890 tempus
1202 2809 1277 2890 jam

221 2913 301 2967 esse,
315 2904 351 2950 ut
363 2887 512 2950 desistant
525 2889 756 2976 abscedantque
769 2917 786 2956 a
799 2917 922 2978 pugna,
937 2898 1011 2978 quia
1023 2898 1076 2956 uni
1090 2897 1152 2956 sibi
1166 2897 1276 2962 fatalis

221 2993 267 3041 cst
276 2977 394 3055 Pallas3
408 2993 557 3062 optatque
567 2976 663 3064 patris
674 2985 810 3046 Evandri
822 2987 1036 3067 praesentiam,
1050 3007 1113 3068 quo
1127 2991 1277 3070 tragicus

255 3122 720 3194 428.0ppositum.0bstantem,for·
798 3128 858 3194 430.
889 3131 974 3182 Graiis
995 3129 1133 3200 imperdita
1157 3149 1271 3204 corpora

221 3202 282 3253 titer
301 3214 477 3272 pugnantem
497 3216 524 3255 et
543 3203 652 3274 quidam
671 3204 720 3256 du·
765 3207 871 3258 neuere:
896 3227 962 3279 quos
983 3209 1067 3260 Graeci
1085 3210 1200 3280 perdere
1219 3231 1273 3265 ne·

219 3280 294 3332 bium
300 3278 403 3342 volunt,
411 3292 498 3332 utrum
507 3299 604 3354 pupnoe
615 3284 719 3354 opposi·
764 3287 912 3357 quiverunt.
920 3287 1095 3340 Teucrosvero
1105 3293 1268 3361 accipimus,

220 3370 290 3424 tum,
309 3377 343 3409 au
357 3358 454 3408 nodum
467 3379 576 3432 puqnoe,
594 3360 667 3432 quod
679 3375 718 3414 est
763 3366 1204 3436 quossecumduxitAEneasznam
1213 3373 1269 3437 nit,

219 3438 322 3490 melius.
335 3461 369 3474 —-
380 3437 539 3510 Nodusuque
556 3459 716 3514 moramque.
764 3445 907 3512 «Quorum
924 3444 957 3498 de
973 3463 1084 3498 numero
1102 3449 1149 3517 qui
1161 3465 1220 3502 sese
1237 3453 1272 3503 in·

219 3517 290 3568 Bene
309 3514 412 3566 addidit
432 3533 544 3583 moram,
564 3539 598 3572 ne
616 3521 717 3574 nodum
761 3523 833 3576 bella
843 3517 990 3595 sequantur
999 3529 1155 3580 Praestantes
1164 3517 1270 3583 virtute

219 3595 300 3648 aliun
322 3595 524 3664 acciperemus:
549 3617 610 3650 nam
634 3601 717 3654 nodus
760 3606 855 3678 legit.»
876 3608 948 3659 Alias
967 3624 1022 3658 non
1040 3607 1181 3678 procedit:
1199 3629 1268 3664 nana·

218 3675 328 3746 proprie
340 3684 380 3734 est
394 3671 477 3724 densa
492 3675 613 3744 peditum
624 3678 716 3732 multi·
760 3684 843 3756 paulo
850 3699 912 3755 post
919 3687 1038 3758 erupturi
1046 3699 1116 3752 sunt,
1130 3691 1179 3759 qui
1188 3691 1265 3742 obsi·

218 3754 299 3818 tudo,
310 3754 378 3804 sicut
387 3763 474 3804 summ
483 3757 613 3824 equitum
625 3773 655 3812 ut
665 3759 715 3813 lec·
760 3765 893 3818 denturin
902 3769 1003 3819 castris.
1015 3768 1160 3838 imperdita
1170 3784 1266 3823 autem

217 3829 713 3902 tumeatindisciplinamilitarismodo
759 3845 1264 3922 quisantehunclS.-Statiuspostca

219 3924 306 4002 autern
320 3911 417 4000 nodutis
432 3929 481 3982 pro
490 3912 652 4002 ¹difficultate
663 3933 714 3990 po·
757 3925 875 3975 imitatus
883 3926 1071 3994 est,Theb.lll,
1080 3928 1127 3994 84:
1137 3931 1264 4002 ‹abiegno›

218 4001 284 4055 sust,
300 4005 359 4060 quse
369 3999 413 4041 vu
425 4004 508 4060 possit
519 3995 625 4048 resolvi.
640 3997 710 4050 Serv.
756 4003 834 4054 feries
844 4001 981 4074 imperdt'sa
990 4005 1081 4078 Tydeo
1090 4021 1214 4078 pectora.
1224 4032 1240 4056 ι»
