2726 4592
262 285 357 378 t7i¹
510 285 543 352 r.
568 280 799 352 mummi
823 285 1057 354 nlnouts

366 416 440 469 lllius
452 417 594 468 immensos
607 413 719 462 miratur
730 411 832 462 Graecia
844 427 968 482 eampos;

401 495 436 548 At
447 496 534 546 minor
546 504 585 547 est
596 491 687 556 nobis,
699 488 747 542 sed
759 490 828 544 bene
840 491 927 545 cultus
940 509 1012 565 ager.

261 627 323 702 Qui
339 627 431 710 plura
451 626 526 686 velit
541 622 579 683 de
594 621 654 682 hac
673 623 819 700 victoria,
839 625 921 706 legat
941 636 1080 684 nostram
1094 627 1128 685 in
1138 627 1304 708 Virgilium

262 735 405 796 operam,
420 715 474 775 ubi
485 735 565 795 saepe
576 733 723 796 comparo
736 726 905 796 utrumque
918 725 1035 792 vatem,
1045 714 1160 794 eriere,
1170 718 1307 775 cumnis·
1359 779 1360 814 ,

263 806 343 864 toria
359 806 473 865 Latini.

301 938 338 996 N.
351 938 382 998 Β.
398 937 457 996 Hic
468 933 558 998 Cerdo
569 933 718 1015 abrumpit
728 932 824 1016 eloqia
837 937 868 1000 V
866 933 969 1016 isyilii,
984 949 1018 996 ut
1028 939 1176 997 interserat
1187 934 1306 996 Homeri
1359 949 1360 954 ’

260 1032 332 1092 uitio
338 1055 352 1104 ,-
362 1044 389 1092 et
400 1029 439 1089 od
450 1027 527 1088 hone
538 1047 597 1086 rem
615 1037 746 1086 movetur
757 1025 903 1105 inprimis,
917 1038 951 1085 ut
961 1047 991 1085 se
1001 1049 1019 1084 a
1032 1025 1183 1088 calumnia
1198 1025 1305 1095 liberet,

261 1131 289 1187 ‚et
302 1139 364 1178 non
380 1115 609 1200 reprehendatur,
625 1113 704 1196 quod
716 1116 879 1174 Homerum
891 1113 1119 1196 reprehenderit.-
1133 1117 1237 1176 omnia
1253 1110 1308 1172 ccl·

262 1205 339 1288 liqit,
350 1229 414 1290 qnae
427 1209 559 1287 scripsere
570 1217 672 1266 contra
685 1201 769 1264 illurn
776 1201 879 1277 Plato,
890 1207 949 1264 Dio
962 1204 1195 1288 Chrysostomus,
1207 1205 1309 1264 etSen-

260 1293 433 1382 lipom-quos
444 1295 544 1367 odeum
559 1297 584 1354 si
590 1295 653 1377 fert
664 1295 796 1366 animum
808 1293 891 1354 nobis
904 1307 1001 1354 aretem
1013 1317 1048 1372 eq
1061 1297 1164 1380 referre
1175 1294 1311 1378 nefosfo-

259 1399 314 1458 ret,
329 1388 380 1468 qui
392 1385 651 1468 Homerumuquasi
666 1383 806 1444 carminis
821 1385 896 1465 epici
909 1384 1006 1444 Duum
1023 1383 1128 1466 ubique
1142 1383 1309 1466 praedicavi·

260 1494 324 1538 mus
330 1520 339 1548 ,
353 1489 381 1536 et
391 1477 548 1557 presertim
560 1477 592 1534 in
602 1486 699 1532 nostra
709 1472 926 1556 disquisitione,
938 1495 1028 1556 quom
1036 1475 1209 1556 precedenti
1222 1479 1310 1534 Temo

259 1562 409 1644 prefixum
425 1565 563 1638 reperies:
578 1559 736 1642 (uidepnq.
751 1563 830 1622 XXI
840 1575 868 1621 et
877 1562 970 1644 seqq.)
983 1584 1063 1624 nunc
1078 1562 1119 1622 ad
1128 1561 1253 1624 &mam
1268 1582 1309 1621 re·

260 1667 355 1714 vertor
363 1657 405 1714 sic
418 1652 598 1735 loquentem:

299 1775 436 1856 Objicies
450 1793 508 1856 pro
524 1775 662 1832 Homero
680 1773 816 1853 pretium
831 1771 927 1850 illud,
947 1777 981 1835 in
999 1797 1061 1856 quo
1082 1773 1211 1837 habitus
1231 1791 1275 1838 est
1293 1797 1309 1834 a

258 1865 415 1924 veteribus
432 1880 462 1923 et
479 1865 602 1944 magnis
616 1863 690 1920 viris
703 1859 849 1938 Platone,
864 1864 1045 1942 Aristotele,
1060 1867 1230 1942 Strabone,
1242 1865 1311 1926 Plu·

257 1949 385 2010 tarcho:
397 1950 523 2010 demum
536 1963 580 2008 est
593 1967 686 2008 nemo
701 1970 736 2008 ex
749 1951 837 2010 omni
852 1954 1056 2034 antiquitate,
1072 1957 1126 2036 qui
1139 1977 1206 2014 non
1222 1955 1309 2014 illum

258 2041 341 2100 'colat
359 2055 389 2100 et
410 2052 581 2100 veneretur.
601 2041 647 2098 Ita
668 2059 741 2101 sane
761 2051 821 2113 est,
845 2055 948 2122 neque
966 2040 1026 2102 hoc
1045 2042 1179 2102 inficiari
1199 2043 1310 2125 aliquis

259 2143 368 2210 queat:
383 2115 502 2213 peperit
515 2127 574 2186 sibi
587 2125 640 2185 ille
654 2125 714 2194 hoc
728 2149 860 2202 nomen,
876 2131 951 2210 quia
966 2132 1222 2212 antiquissimum
1238 2135 1309 2214 quia

257 2219 378 2300 primus
391 2211 490 2276 ferme*
503 2207 683 2303 poelarum3
699 2217 773 2296 quia
788 2217 901 2275 enituit
915 2217 987 2276 rudi
1004 2216 1123 2290 secul03
1145 2223 1221 2300 quia
1240 2241 1310 2302 pro-

168 2335 172 2352 .
258 2308 333 2368 tulit
347 2310 516 2368 sententias
530 2306 651 2386 aliquas
662 2327 734 2364 cum
747 2307 857 2386 genie,
870 2309 943 2386 quia
959 2309 1082 2393 scripsit
1094 2307 1133 2368 de
1145 2309 1232 2370 bello
1242 2313 1313 2370 Tro·

257 2399 352 2477 jano,
365 2415 427 2500 quo
438 2389 562 2456 nullum
573 2389 707 2454 heroicis
717 2393 911 2480 temporibus
923 2395 1141 2475 excellentius,
1154 2399 1312 2480 grandius,
1359 2443 1360 2452 .

259 2485 433 2548 sublimius.
455 2485 512 2543 His
527 2485 625 2545 causis
642 2483 712 2564 jurje
730 2485 845 2542 meruit
863 2505 995 2560 nomen,
1016 2485 1103 2568 quod
1122 2490 1239 2548 nactus
1253 2501 1310 2546 est:

213 2563 215 2568 ¹
258 2596 359 2654 neque
379 2565 514 2653 mirum,
531 2573 556 2632 si
570 2570 670 2633 Graeci
685 2559 830 2634 ilraecum
849 2573 1028 2651 laudarent,
1049 2578 1165 2658 egregii
1185 2597 1312 2636 suarum

257 2654 666 2742 1·erumpraedic‘atores.'Sed
678 2673 761 2719 certe
771 2658 833 2718 illis
845 2661 1026 2721 auctoribus
1037 2683 1168 2744 oppono
1178 2684 1239 2746 pro
1249 2665 1314 2724 Vir·

257 2751 424 2832 gilio'alios
434 2752 585 2832 gravioris
595 2751 801 2810 auctoritatis.
812 2752 876 2810 Cur
888 2771 958 2809 non
966 2751 1138 2811 contendat
1148 2774 1223 2812 cum
1234 2755 1312 2812 Aris-

256 2839 351 2900 totele
367 2841 572 2921 Augustinus,
587 2861 658 2898 cum
675 2839 807 2898 Platone
819 2837 1054 2924 {Hieronymum
1070 2863 1144 2901 cum
1160 2843 1312 2902 Strabone

256 2930 394 3006 Plinius,
407 2951 478 2990 cum
492 2927 659 2988 Plutarcho
672 2927 802 2990 Seneca?
813 2929 930 3012 Saepius
944 2933 996 2990 isti
1011 2929 1049 2990 ad
1062 2951 1126 2990 rem
1142 2953 1234 2994 suam
1245 2934 1311 2992 Vir·

256 3021 368 3100 gilium
383 3015 555 3092 advocant,
575 3039 669 3100 quam
689 3017 788 3078 Graeci
809 3019 982 3078 Homerum
1004 3040 1113 3095 suum,
1134 3042 1310 3104 nunquam·
1359 3017 1360 3024 '

256 3131 317 3190 que
336 3109 426 3167 illum
448 3109 481 3166 in
500 3125 553 3164 ore
573 3118 751 3180 assumunt,
772 3107 833 3166 nisi
855 3129 926 3167 cum
946 3129 1062 3188 magno
1081 3107 1196 3190 elogio.
1210 3111 1310 3168 Taceo

255 3195 361 3276 plures
380 3193 472 3269 alios,
491 3195 662 3253 sanctitatis
682 3207 711 3253 et
726 3193 876 3256 doctrinm
896 3197 1032 3274 lumina,
1054 3199 1109 3278 qui
1127 3199 1311 3258 versatiores

255 3285 383 3343 fuerunt
398 3287 432 3342 in
442 3283 576 3363 Virgilio
593 3283 740 3363 legende,
756 3306 851 3366 quam
868 3287 971 3346 Graeci
989 3288 1023 3354 in
1040 3289 1192 3352 Homero.
1208 3289 1310 3366 Quem

254 3373 392 3434 erebrius
407 3372 621 3447 Quintilianus
634 3376 773 3452 invocat,
786 3396 881 3456 quem
892 3373 1045 3451 Isidorus,
1061 3397 1156 3456 quem
1172 3378 1308 3438 Ambro-

255 3461 338 3521 sius?
352 3462 415 3536 Qui
433 3465 560 3520 extremi
579 3461 672 3544 hujus
693 3463 775 3545 leget
795 3487 864 3548 cap.
884 3487 937 3543 21,
957 3465 1013 3526 lib.
1025 3467 1051 3526 V
1063 3467 1140 3525 Hex.
1161 3480 1310 3548 agnoscet

253 3551 436 3632 Virgilium,
459 3563 560 3634 toturn
574 3557 659 3615 enim
674 3553 755 3615 illud
771 3557 928 3616 Ambrosii
947 3569 1039 3640 caput
1055 3558 1193 3638 exspirat
1207 3558 1309 3638 Virgi-

254 3638 372 3698 lianam
384 3639 576 3715 orationem,
596 3645 796 3724 sententiam,
811 3643 962 3726 phrasim.
978 3647 1106 3704 Possem
1125 3645 1229 3704 multa
1249 3645 1309 3704 alia

252 3725 343 3806 hujus
355 3725 426 3784 loca
440 3726 601 3788 adducere.
617 3732 719 3808 Quem
736 3752 771 3790 ex
785 3745 851 3791 tota
866 3735 1053 3814 antiquitate
1071 3731 1217 3792 conferas
1233 3733 1307 3792 doc·

251 3817 333 3873 trina
347 3834 420 3872 cum
434 3815 643 3896 Tertullian0,
662 3823 717 3902 qui
729 3819 896 3902 Virgilium
913 3822 1043 3902 plurimi
1057 3819 1148 3882 fecit?
1164 3819 1307 3901 Objicies

252 3900 329 3960 mihi
341 3903 518 3984 principes,
532 3919 561 3964 et
575 3907 606 3964 in
620 3905 668 3966 his
683 3907 843 3974 exhibebis
854 3908 932 3968 mihi
948 3907 1076 3970 fortasse
1088 3906 1307 3968 Alexandrum

252 3991 417 4074 Magnum,
435 3991 492 4070 qui
511 3997 616 4074 magni
631 3998 804 4062 Homerum
821 3998 912 4062 fecit:
926 3998 1055 4068 exhibeo
1072 3996 1309 4064 tibi'Justinia·
