2742 4596
239 281 304 368 rso
600 268 665 334 on
686 262 921 334 vraomu

238 419 270 465 et
282 397 421 466 sordidas
430 389 635 456 nsmbatvir
644 391 853 468 doctissimus,
864 393 908 454 ita
918 400 953 452 ut
962 390 1057 452 etiam
1067 395 1296 477 suspicaretur,

238 493 308 556 ludi
321 486 461 570 magistri
474 479 604 564 alicujus
616 481 724 542 usibus
735 479 768 542 id
781 479 938 564 exemplar
949 469 1140 546 inserviissei
1150 487 1297 550 Premis·
1354 519 1355 580 j

238 605 272 645 sa
286 594 330 644 est
343 570 594 656 Pseudopindari
607 569 750 632 Thebani
763 572 908 653 Epitorne
919 574 1059 636 Homeri.

277 682 358 744 xxl.
370 681 537 739 Pervenere
547 671 586 732 ab
597 669 655 731 illo
665 670 739 731 inde
752 683 906 754 tempore,
919 672 1004 754 quod
1015 675 1048 734 in
1062 675 1167 756 prima
1180 655 1297 740 editio·

235 789 277 834 ne
289 766 428 854 paranda
443 779 694 837 consumserant,
709 759 749 821 ad
764 781 814 821 me
828 761 1054 823 nonnullorum
1068 763 1222 826 codicum
1237 789 1296 829 no-

235 861 329 932 titioe,
343 856 483 915 virorum
498 849 665 915 doctorum
683 867 729 908 res
743 861 864 908 nostras
880 847 1012 930 juvandi
1030 851 1148 912 studio.
1163 855 1242 914 Fuit
1260 857 1295 914 in

235 944 285 1008 his
299 943 395 1005 codex
408 935 608 1000 bibliothecae
623 935 844 996 Fridericianae*
856 936 940 1020 apud
951 935 1149 1021 Erlanqmses
1167 939 1294 1002 charta.
1354 975 1355 1010 ς

235 1055 320 1110 ceus3
331 1031 410 1093 alius
420 1025 677 1088 membranaceus
690 1023 855 1087 academiae
866 1025 1021 1087 Giessensis
1028 1071 1038 1102 ,
1051 1025 1107 1109 qui
1117 1028 1199 1089 olim
1211 1033 1296 1092 inter

236 1118 501 1186 Uffenbacbianos
515 1113 577 1175 fuit
594 1113 639 1193 (v.
657 1111 805 1181 Biblioth.
820 1113 1006 1176 Ulienbsch.
1023 1117 1057 1176 P.
1074 1115 1129 1194 IV,
1143 1113 1178 1200 p.
1198 1122 1294 1200 πυ),

234 1211 420 1304 prolusione
437 1202 613 1265 academica
628 1200 800 1283 descriptus
815 1199 856 1262 ab
868 1202 963 1264 Andr.
978 1202 1146 1281 Boebmio,
1159 1206 1249 1268 Prof.
1264 1221 1302 1284 et
1354 1221 1355 1226 ’

234 1298 383 1366 lliblioth.
396 1291 491 1356 acad.
502 1291 597 1351 Giess.
607 1310 616 1364 3
628 1287 707 1349 alius
717 1290 972 1352 membranaceus
982 1290 1118 1368 Onoldi,
1130 1295 1165 1353 in
1176 1294 1295 1356 biblio.

234 1391 324 1452 theca
336 1381 531 1448 Marchionis
544 1378 689 1440 Sereniss.
703 1378 749 1438 De
761 1376 875 1438 Codice
885 1376 1101 1461 Koelrieriono,
1116 1401 1212 1462 quem
1233 1384 1293 1444 ali-

235 1483 358 1566 quoties
378 1470 637 1543 memoravimus,
658 1487 761 1550 nuper
777 1468 812 1527 in
825 1466 1052 1528 bibliothecam
1065 1469 1213 1554 Georgiae
1227 1475 1292 1534 Au.

235 1582 332 1655 gustas
346 1563 453 1637 illato,
467 1559 681 1619 narrationem
693 1554 845 1627 babemus
858 1577 877 1617 a
891 1559 960 1618 viro
971 1557 1099 1618 doctiss.
1112 1560 1138 1619 Ι.
1151 1562 1192 1624 G,
1203 1563 1292 1624 eun,

234 1657 381 1730 Koehler,
393 1651 549 1732 Adiuncto
559 1645 675 1707 Philos.
685 1646 762 1707 Ord.
773 1648 807 1706 in
816 1647 957 1710 Univers.
967 1648 1087 1708 lenens.
1097 1651 1203 1730 (nunc
1213 1656 1294 1714 sacri

234 1761 333 1812 coetus
351 1745 502 1803 Curatore
520 1739 554 1798 in
573 1736 708 1796 Dioscesi
726 1735 952 1814 Ansbacensi),
971 1738 1183 1820 conscriptam
1205 1763 1293 1824 ¹77¹·-

233 1840 287 1900 Est
299 1834 352 1896 ille
362 1853 379 1892 e
390 1827 625 1900 recentissimis,
636 1838 668 1885 et
679 1824 736 1885 sub
746 1825 814 1907 ipsa
826 1823 1041 1906 typographio
1051 1827 1145 1888 initia
1158 1831 1299 1912 scriptus
1354 1831 1355 1848 ¹

235 1930 343 1989 Romae
353 1918 412 1982 sub
423 1915 534 1980 Paullo
546 1915 589 1990 ll,
606 1935 679 1975 cum
692 1913 755 1976 fide
768 1914 911 1998 quidem,
927 1913 978 1976 sed
993 1916 1033 1976 ab
1048 1915 1180 1979 indocto
1190 1918 1294 1982 homi·

234 2033 360 2091 ne,nec
368 2029 405 2072 er
415 2009 538 2092 optimo
549 2003 703 2088 exemplo.
713 2005 758 2064 Ex
768 2003 955 2066 lectionibus
965 2019 1046 2067 certe
1055 2011 1207 2091 excerptis
1216 2032 1295 2093 pau-
1354 2029 1355 2038 ο

235 2127 287 2168 cas
305 2101 474 2165 utilitatem
489 2098 629 2160 criticam
643 2095 759 2158 babere
772 2095 838 2158 ridi
855 2095 911 2174 (cf.
929 2097 1060 2180 ὓὸπίνος.
1076 2098 1214 2163 Gelebrte
1225 2103 1293 2162 An·

235 2197 335 2278 seipso
350 2211 442 2275 1771,
456 2211 487 2272 p.
502 2185 605 2270 1096).

275 2289 370 2354 XXll.
385 2287 514 2350 Dudum
529 2283 609 2346 mihi
625 2287 806 2346 innotuerat
818 2281 924 2344 Codex
935 2282 1148 2368 Erfirnensis'e
1160 2285 1292 2349 libraria
1354 2273 1355 2342 ξ

236 2377 420 2466 supellectili
432 2373 578 2438 Goenobii
594 2375 697 2433 Portas
710 2373 800 2446 Goeli,
817 2374 912 2432 misso
925 2388 1051 2454 quoque
1065 2369 1107 2434 ad
1120 2397 1172 2437 me
1186 2377 1294 2439 lectio-

236 2472 287 2532 nis
306 2465 490 2550 specimine,
509 2460 594 2524 unde
611 2459 751 2520 intellexi
769 2475 805 2518 ex
823 2459 934 2520 eodem
951 2481 1024 2521 eum
1043 2481 1115 2522 cum
1134 2463 1293 2530 Gothanis

236 2557 327 2618 fonte
341 2552 477 2614 duxisse.
492 2547 659 2609 Audieram
673 2565 748 2608 mox
762 2567 781 2606 e
793 2547 862 2607 viro
876 2546 997 2610 doctiss.
1011 2551 1059 2610 Jo.
1071 2550 1155 2612 Fn’d.
1171 2555 1292 2637 Deqen,
1354 2623 1355 2626 Ἴ

237 2727 338 2796 diceol
348 2773 357 2806 ,
369 2721 457 2808 cujus
473 2723 712 2805 descriptionem
723 2723 789 2804 ipse
802 2721 930 2784 dederat
941 2724 1048 2805 Progr.
1065 2725 1153 2808 1785,
1168 2728 1217 2788 Ab
1229 2729 1295 2812 eju,

237 2817 437 2886 humanitate·
446 2813 537 2874 facile
546 2811 710 2892 impetrari
722 2809 866 2870 lectionis
875 2811 1071 2888 sanctorem,
1080 2808 1222 2899 moxque
1232 2822 1295 2880 ani.

238 2908 410 2985 madverti,
431 2925 511 2972 essse
529 2901 616 2962 hune
637 2898 771 2961 eundem
791 2899 930 2961 codicem
949 2923 1022 2962 cum
1040 2903 1237 2985 Erfurtensi3
1260 2933 1296 2972 ex

239 2997 378 3074 elaustro
389 2995 497 3074 itaque
515 3009 572 3050 suo
586 3000 767 3070 pervenerat
784 2987 838 3048 ille
854 2987 893 3048 ad
909 2987 1139 3054 illustrissimos
1155 2996 1295 3059 Comites
1354 3003 1355 3026 l

190 3133 192 3138 ,
239 3081 287 3151 de¹
297 3083 495 3156 Schdrrborn,
509 3089 711 3160 servaturque
728 3099 814 3140 nunc
828 3077 970 3162 Gaybaci
989 3081 1024 3140 in
1039 3093 1143 3147 tractu
1161 3089 1296 3150 Franco-

240 3177 302 3237 nire
316 3167 591 3254 Steigerwaldensi.
600 3169 736 3236 ¹(lt-titicus
746 3188 821 3229 usus
834 3167 948 3228 codicis
959 3182 1014 3228 aut
1027 3171 1151 3249 nullus,
1164 3189 1222 3236 aut
1236 3171 1295 3238 eai-

241 3272 390 3344 gnoscat,
401 3278 501 3341 quum
510 3256 638 3318 indocte
647 3258 791 3338 scriptus,
804 3277 861 3318 uec
872 3258 977 3318 minus
990 3257 1118 3320 indocte
1132 3280 1294 3328 correctus

241 3365 274 3412 et
284 3347 492 3434 interpolatus
506 3350 546 3408 sit
558 3368 576 3406 a
587 3345 740 3430 pluribus.
749 3347 881 3406 Veniens
892 3347 1002 3428 utique
1012 3348 1108 3410 lectio
1118 3372 1136 3410 e
1147 3359 1245 3416 meris
1253 3357 1296 3418 vi-

240 3441 293 3502 tiis
306 3449 411 3522 pra‘voe
429 3438 587 3518 seripturae
604 3448 742 3510 constat3
756 3447 801 3517 et,
816 3435 843 3496 si
859 3453 921 3514 qua
932 3447 976 3494 est
987 3434 1162 3520 tolerabilis
1180 3440 1294 3519 lectio,

243 3539 298 3588 aut
310 3548 349 3588 ex
362 3545 468 3587 errore
481 3543 552 3584 eam
565 3522 740 3605 profectam
753 3541 817 3582 esse
831 3521 921 3582 facile
937 3521 1142 3606 intelligitur,
1159 3544 1217 3591 aut
1228 3533 1295 3612 jam

134 2653 137 2660 '
155 2633 158 2640 ¹
236 2648 273 2708 Δ.
284 2641 329 2702 Μ.
340 2639 507 2723 Gymnasii
516 2636 721 2710 Ansbaoensis
732 2631 873 2716 Collegio
885 2635 1055 2718 adscripto,
1068 2654 1233 2718 repertum
1243 2664 1295 2704 co-
1354 2645 1355 2716 ς

242 3635 280 3675 ex
289 3615 358 3676 aliis
369 3611 462 3679 codd.
474 3613 529 3672 illa
541 3625 585 3672 est
596 3624 732 3672 enotata.
744 3612 864 3672 inserui
875 3623 979 3671 tamen
992 3615 1119 3694 potiora
1130 3621 1196 3679 suis
1208 3621 1294 3682 locis.
1354 3669 1355 3712 ,

281 3713 391 3773 XXlll.
406 3709 530 3768 Oblitus
544 3728 614 3768 sum
627 3729 767 3782 monere,
782 3709 875 3768 etiam
884 3707 1077 3772 Brunckium
1086 3728 1239 3779 tractasse
1248 3739 1295 3780 co·

242 3799 360 3872 dicem3
371 3807 495 3856 oenntas
503 3795 656 3878 pmboeqoe
666 3809 743 3858 noto
756 3793 939 3856 membranas
950 3798 1089 3880 appellat
1102 3803 1186 3885 ipse,
1201 3809 1293 3868 Semi·

242 3888 323 3948 narii
333 3882 526 3965 Episcopalis
539 3883 626 3944 urbis
638 3881 913 3966 Argentoratensis.
924 3887 1223 3955 Memorabiliorem
1238 3896 1293 3955 ali·

243 3989 340 4054 quom
352 3967 517 4029 lectionem
529 3989 565 4028 ex
576 3989 613 4031 eo
624 3971 759 4054 proferri
769 3991 837 4034 non
847 3974 986 4041 memini.
1127 3977 1130 3984 ’
