2726 4592
523 280 731 348 11111115.
1087 287 1153 376 375

101 411 159 488 rit,
181 419 233 472 aut
247 419 340 482 tecte,
354 424 459 488 parce,
481 413 511 464 et
532 403 766 464 dissimulanter
784 407 945 489 attingit.»
960 410 1039 470 Vide
1051 409 1152 472 multa

103 501 167 560 alia
178 497 260 582 apud
273 495 417 556 eumdem
428 491 545 567 libello,
556 513 619 574 quo
630 492 797 572 Virgilium
807 494 945 556 vindicat
956 519 973 556 a
983 497 1153 558 calumniis

101 611 171 672 cap.
184 589 255 662 Vll,
270 584 353 647 unde
365 582 431 642 haec
446 593 546 641 sumta
561 591 641 640 suut.

114 713 118 716 ·
140 680 278 738 Demum
292 673 449 756 superavit
463 673 585 732 Graecos
601 691 717 730 omnes.
731 673 784 731 Ait
799 671 932 757 Rhodig.
949 676 1004 738 lib.
1014 679 1070 738 VII
1080 679 1150 738 Vir.

100 765 215 846 gilium
230 776 339 824 natum
356 785 369 816 a
383 759 527 820 adversus
544 759 657 818 Graecae
674 761 772 839 gentis
789 760 950 823 fremitum
966 768 1066 825 nimio
1079 765 1150 848 plus

99 877 183 938 saepe
204 858 412 934 insonantem.
424 873 440 905 1
457 847 576 909 Phocas
591 847 688 908 dixit:
716 875 729 905 a
741 851 817 927 Quis
832 853 965 914 facunda
985 867 1055 917 tuos
1073 855 1152 916 tole-

99 957 198 1019 raret,
214 943 347 1016 Graecia,
362 937 480 1000 fastus?
490 937 565 1014 Quis
578 951 700 998 tanturn
716 940 834 1020 eloquii
847 944 997 1022 potuisset
1008 943 1088 1004 ferre
1098 955 1149 1003 tu-

99 1053 237 1107 morem,
251 1030 373 1092 AEmul'a
384 1028 552 1109 'Virgilium
564 1027 671 1104 tellus,
686 1030 748 1088 nisi
759 1031 857 1094 Tusca
870 1030 1004 1092 dedisset
1014 1058 1027 1088 1
1037 1031 1050 1090 ?
1060 1033 1148 1092 Man.

97 1136 132 1183 to
144 1121 228 1205 apud
240 1121 331 1183 Polit.
343 1123 387 1180 ita
398 1121 571 1178 vaticinans
582 1141 588 1177 :
600 1143 614 1174 a
622 1121 716 1200 Euge,
725 1121 812 1180 beate
820 1143 906 1202 puer,
918 1125 1042 1204 sanguis
1052 1143 1149 1198 meus,

98 1209 229 1270 horreat
246 1223 331 1270 onus
348 1209 466 1270 Graecia
481 1219 546 1266 tota
561 1220 665 1266 tuos.»
680 1210 718 1266 Et
730 1209 764 1267 in
779 1209 898 1269 Praefat.
914 1210 1079 1270 «Romulae
1092 1230 1149 1268 vo·
1231 1209 1234 1216 '

98 1299 127 1357 ci
145 1297 415 1378 decusadrogavit
431 1296 568 1355 carmine
586 1315 682 1354 sacro.
694 1321 707 1350 1
725 1296 848 1356 Possem
868 1299 988 1379 signate
1008 1308 1147 1357 auctores

97 1385 267 1462 adducere,
283 1389 336 1468 qui
351 1385 520 1466 Virgilium
535 1384 655 1444 faciunt
669 1387 859 1466 superiorem
874 1386 1040 1470 Sophocle,
1058 1387 1149 1446 Euri·

97 1474 187 1554 pide,
200 1473 359 1556 AEschylo,
372 1470 588 1554 Aristophane.
602 1473 731 1549 Quoties
741 1476 825 1534 enim
838 1477 1021 1558 Interpretes
1034 1479 1066 1535 in
1077 1473 1147 1534 loca

96 1560 213 1622 horum
228 1563 384 1638 incidunt,
403 1583 526 1644 semper
540 1562 617 1620 dant
631 1561 770 1644 palmam
780 1565 930 1646 Virgilio.¹
942 1564 1149 1639 Nicandrum,

95 1651 299 1727 Pisandrum,
312 1651 565 1734 Euphorionem,
579 1663 645 1710 tum
661 1654 755 1712 etiarn
768 1653 860 1730 alios,
874 1671 1036 1737 superatos
1051 1655 1146 1714 fuisse

97 1760 116 1798 a
126 1741 259 1821 Virgilio
272 1739 434 1801 Landinus
448 1741 578 1799 censuit.

331 1891 332 1896 ’
399 1893 517 1936 Mesoa
538 1895 684 1936 LATINIS
705 1897 841 1939 POETl'S.

133 2009 287 2070 AGraecis
303 2012 393 2070 victis
411 2031 506 2093 pergo
526 2009 564 2070 ad
580 2014 722 2089 Latinos,
739 2035 755 2074 a
772 2013 888 2096 quibus
902 2011 1081 2076 brevissime
1095 2034 1146 2074 mc
1203 2091 1205 2094 Ι

94 2096 242 2178 expedi03
260 2119 332 2158 nam
348 2101 417 2180 quis
435 2098 494 2160 hoc
508 2099 617 2180 neget?
633 2103 845 2179 Quintilianus
866 2102 923 2164 lib.
940 2107 967 2164 X
984 2113 1146 2186 comparat

93 2185 262 2266 Virgilium
280 2209 350 2248 cum
365 2191 488 2264 Marco,
504 2192 662 2264 Lucretio,
678 2193 781 2252 Ennio
802 2206 832 2252 et
846 2193 916 2254 aliis
932 2216 938 2251 :
955 2196 1083 2273 istisque
1100 2193 1146 2252 vi-

92 2277 172 2336 tium
188 2277 316 2358 aliquod
336 2281 511 2360 assignans,
531 2281 673 2339 omnium
692 2283 862 2362 principem
877 2283 954 2342 facit
965 2281 1143 2361 Virgilium.

92 2365 210 2424 Eadem
226 2365 247 2426 l.
258 2367 314 2428 XII
324 2369 475 2428 Jovianus
487 2370 519 2426 in
533 2369 640 2428 Actio:
656 2384 748 2428 vocat
762 2372 929 2429 Horatium
940 2371 1072 2450 Virgilio
1085 2371 1144 2426 rni-

92 2473 222 2528 norem‚
237 2474 308 2514 cum
318 2468 421 2516 tamen
435 2458 468 2515 in
484 2477 540 2516 suo
555 2477 666 2536 genere
681 2457 806 2516 abunde
819 2460 857 2516 sit
870 2457 984 2531 clarus3
997 2458 1028 2516 id
1040 2460 1143 2539 ipsum

92 2543 244 2603 Vivesius.
254 2545 301 2604 De
310 2545 424 2606 Ovidio
436 2544 588 2606 videndus
598 2545 732 2621 Quintil.
743 2545 799 2606 lib.
810 2548 849 2622 X,
859 2561 889 2606 et
898 2549 1049 2607 Jovianus
1060 2545 1145 2606 dicto·

9 2699 11 2710 7
92 2630 175 2690 loco.
190 2630 322 2691 Ovidius
337 2654 461 2716 quoque
476 2635 556 2716 ipse3
569 2633 640 2692 vido
654 2632 752 2709 infra,
766 2656 838 2718 pag.
851 2633 927 2710 408:

201 2754 337 2825 Quantum
349 2761 475 2834 Virgilius
487 2780 584 2834 magno
595 2762 726 2814 concessit
738 2761 869 2820 Homero,

185 2891 189 2896 ,
235 2841 350 2892 Tantum
363 2861 412 2914 ego
424 2843 536 2916 Virgilio
549 2844 622 2894 Naso
634 2854 716 2915 poeta
727 2860 796 2894 meo.

92 2962 193 3042 Pergo
209 2962 248 3022 ad
267 2963 363 3025 alios:
379 2980 541 3048 comparat
558 2967 710 3028 Jovianus
722 2965 889 3046 Virgilium
908 2985 978 3023 cum
995 2963 1141 3022 Claudia-

91 3071 149 3126 no,
161 3051 321 3133 productis
334 3057 496 3135 utriusque
508 3056 582 3116 locis
594 3058 666 3117 satis
678 3058 798 3138 longis,
811 3054 925 3136 datque
934 3051 1067 3132 Virgilio
1079 3047 1142 3132 pal·

90 3159 176 3197 mam
196 3141 400 3221 singularem3
420 3143 503 3202 idem
524 3145 632 3204 scribit
648 3145 789 3228 Scaliger.
809 3143 855 3203 De
872 3141 1017 3222 Papinio,
1035 3140 1140 3220 ipsum

90 3228 234 3310 produco
249 3243 353 3292 testem
364 3277 372 3306 ,
384 3234 438 3314 qui
449 3234 492 3292 ita
504 3233 645 3313 loquitur
654 3257 725 3294 cum
736 3257 790 3295 sua
799 3231 976 3306 Thebaide,
987 3230 1053 3305 llll,
1066 3229 1124 3288 816
1131 3249 1139 3302 ;

198 3353 263 3406 Vive
275 3375 386 3426 precor,
398 3377 447 3412 nec
460 3371 489 3411 tu
501 3359 618 3412 divinam
632 3361 744 3413 AEneida
757 3372 842 3423 tenta,

197 3434 249 3486 Sed
261 3436 340 3510 longe
352 3460 478 3512 sequere,
492 3453 517 3494 et
529 3444 641 3514 vestigia
652 3461 758 3512 semper
770 3440 867 3502 adora;

90 3547 129 3606 Et
147 3547 205 3606 lib.
221 3549 274 3623 IV,
288 3551 349 3632 Syl.
367 3567 456 3614 vocat
466 3555 633 3636 Virgilium
649 3539 818 3636 magistrum
835 3573 936 3614 suum.
953 3555 999 3614 De
1011 3553 1138 3612 Lucano

89 3653 137 3693 res
156 3636 251 3696 clara.
268 3639 314 3698 De
328 3642 458 3716 Pacato,
473 3643 626 3703 Ausonius
646 3643 689 3700 ait
705 3640 772 3700 sieri
790 3641 889 3722 pluris
905 3661 999 3720 quam
1013 3652 1138 3698 cunctos

91 3724 183 3800 alios,
197 3729 325 3787 Marone
334 3729 438 3807 demto.

127 3815 264 3874 Demum
281 3817 407 3878 latinos
421 3842 527 3882 ornnes
542 3822 711 3902 superavit,
724 3839 764 3878 ne
777 3817 916 3900 singulos
929 3838 1022 3898 cogar
1034 3837 1137 3876 narra·

89 3924 131 3962 re.
142 3905 182 3964 Et
192 3925 251 3984 pro
262 3903 325 3982 his,
337 3929 414 3986 quos
424 3908 554 3987 adduxi,
567 3923 597 3968 et
607 3910 662 3991 qui
672 3919 851 3988 supersunt,
861 3907 1002 3989 produco
1012 3925 1138 3986 sequen·

90 3995 133 4054 tia
149 3993 263 4075 elogia.
280 3994 372 4054 ovid.
388 3995 432 4056 ΙΙΙ
447 3997 525 4058 Artis
541 3999 640 4057 Amat.
653 4019 682 4057 v.
698 3995 770 4077 3375
829 4049 833 4056 .
