<?xml version="1.0" encoding="UTF-8"?>
<!DOCTYPE html PUBLIC "-//W3C//DTD XHTML 1.0 Transitional//EN"
    "http://www.w3.org/TR/xhtml1/DTD/xhtml1-transitional.dtd">
<html xmlns="http://www.w3.org/1999/xhtml" xml:lang="en" lang="en">
 <head>
  <title>
</title>
<meta http-equiv="Content-Type" content="text/html;charset=utf-8" />
  <meta name='ocr-system' content='tesseract 3.04.00' />
  <meta name='ocr-capabilities' content='ocr_page ocr_carea ocr_par ocr_line ocrx_word'/>
</head>
<body>
  <div class='ocr_page' id='page_1' title='image "./pvirgiliusmaroq06barbgoog_0448.png"; bbox 0 0 2742 4596; ppageno 0'>
   <div class='ocr_carea' id='block_1_1' title="bbox 219 265 901 353">
    <p class='ocr_par' dir='ltr' id='par_1_1' title="bbox 219 265 901 353">
     <span class='ocr_line' id='line_1_1' title="bbox 219 265 901 353; baseline -0.012 -17"><span class='ocrx_word' id='word_1_1' title='bbox 219 273 282 353; x_wconf 62' lang='lat'><strong>432</strong></span> <span class='ocrx_word' id='word_1_2' title='bbox 583 266 647 328; x_wconf 81' lang='lat' dir='ltr'><strong>un</strong></span> <span class='ocrx_word' id='word_1_3' title='bbox 670 265 901 330; x_wconf 66' lang='lat' dir='ltr'><strong>vitrorum</strong></span> 
     </span>
    </p>
   </div>
   <div class='ocr_carea' id='block_1_2' title="bbox 217 386 1267 562">
    <p class='ocr_par' dir='ltr' id='par_1_2' title="bbox 217 386 1267 562">
     <span class='ocr_line' id='line_1_2' title="bbox 217 386 1264 473; baseline -0.006 -12"><span class='ocrx_word' id='word_1_4' title='bbox 217 393 329 458; x_wconf 86' lang='lat' dir='ltr'><strong>blioth·</strong></span> <span class='ocrx_word' id='word_1_5' title='bbox 342 386 449 454; x_wconf 76' lang='lat' dir='ltr'><strong>Dresd·</strong></span> <span class='ocrx_word' id='word_1_6' title='bbox 462 391 496 448; x_wconf 86' lang='lat' dir='ltr'><strong>T·</strong></span> <span class='ocrx_word' id='word_1_7' title='bbox 514 389 556 466; x_wconf 82' lang='lat' dir='ltr'><strong>ll,</strong></span> <span class='ocrx_word' id='word_1_8' title='bbox 571 409 602 448; x_wconf 85' lang='lat' dir='ltr'><strong>n·</strong></span> <span class='ocrx_word' id='word_1_9' title='bbox 622 389 690 471; x_wconf 86' lang='lat'>317.</span> <span class='ocrx_word' id='word_1_10' title='bbox 707 389 792 468; x_wconf 85' lang='lat' dir='ltr'><strong>Quid</strong></span> <span class='ocrx_word' id='word_1_11' title='bbox 808 391 895 472; x_wconf 91' lang='lat' dir='ltr'><strong>quod</strong></span> <span class='ocrx_word' id='word_1_12' title='bbox 915 392 1027 450; x_wconf 86' lang='lat' dir='ltr'><strong>iterum</strong></span> <span class='ocrx_word' id='word_1_13' title='bbox 1048 393 1122 473; x_wconf 85' lang='lat'><em>1782</em></span> <span class='ocrx_word' id='word_1_14' title='bbox 1133 391 1264 455; x_wconf 86' lang='lat' dir='ltr'><strong>Venant.</strong></span> 
     </span>
     <span class='ocr_line' id='line_1_3' title="bbox 218 475 1267 562; baseline -0.01 -15"><span class='ocrx_word' id='word_1_15' title='bbox 218 480 420 546; x_wconf 86' lang='lat' dir='ltr'><strong>Monaldinus</strong></span> <span class='ocrx_word' id='word_1_16' title='bbox 435 477 557 536; x_wconf 88' lang='lat' dir='ltr'><strong>lucrum</strong></span> <span class='ocrx_word' id='word_1_17' title='bbox 574 497 610 536; x_wconf 86' lang='lat' dir='ltr'><strong>ex</strong></span> <span class='ocrx_word' id='word_1_18' title='bbox 626 497 664 536; x_wconf 88' lang='lat' dir='ltr'><strong>eo</strong></span> <span class='ocrx_word' id='word_1_19' title='bbox 678 475 855 537; x_wconf 86' lang='lat' dir='ltr'><strong>recudendo</strong></span> <span class='ocrx_word' id='word_1_20' title='bbox 868 479 1020 558; x_wconf 82' lang='lat' dir='ltr'><strong>quaesivit.</strong></span> <span class='ocrx_word' id='word_1_21' title='bbox 1032 478 1174 538; x_wconf 83' lang='lat' dir='ltr'><strong>Tandem</strong></span> <span class='ocrx_word' id='word_1_22' title='bbox 1190 501 1267 562; x_wconf 82' lang='lat' dir='ltr'><strong>prae-</strong></span> 
     </span>
    </p>
   </div>
   <div class='ocr_carea' id='block_1_3' title="bbox 218 565 1349 3584">
    <p class='ocr_par' dir='ltr' id='par_1_3' title="bbox 218 565 1197 648">
     <span class='ocr_line' id='line_1_4' title="bbox 218 565 1197 648; baseline -0.005 -13"><span class='ocrx_word' id='word_1_23' title='bbox 218 575 305 636; x_wconf 91' lang='lat' dir='ltr'><strong>claro</strong></span> <span class='ocrx_word' id='word_1_24' title='bbox 320 567 452 630; x_wconf 91' lang='lat' dir='ltr'><strong>consilio</strong></span> <span class='ocrx_word' id='word_1_25' title='bbox 467 567 622 628; x_wconf 86' lang='lat' dir='ltr'><strong>Battarius</strong></span> <span class='ocrx_word' id='word_1_26' title='bbox 635 578 739 626; x_wconf 91' lang='lat' dir='ltr'><strong>totum</strong></span> <span class='ocrx_word' id='word_1_27' title='bbox 753 565 893 627; x_wconf 87' lang='lat' dir='ltr'>codicem</span> <span class='ocrx_word' id='word_1_28' title='bbox 907 566 1035 648; x_wconf 89' lang='lat' dir='ltr'><strong>vulgare</strong></span> <span class='ocrx_word' id='word_1_29' title='bbox 1049 569 1197 630; x_wconf 88' lang='lat' dir='ltr'><strong>instituit.</strong></span> 
     </span>
    </p>

    <p class='ocr_par' dir='ltr' id='par_1_4' title="bbox 218 655 1349 3206">
     <span class='ocr_line' id='line_1_5' title="bbox 258 655 1267 738; baseline -0.004 -16"><span class='ocrx_word' id='word_1_30' title='bbox 258 664 315 722; x_wconf 86' lang='lat' dir='ltr'><strong>Est</strong></span> <span class='ocrx_word' id='word_1_31' title='bbox 326 670 430 719; x_wconf 86' lang='lat' dir='ltr'><strong>autem</strong></span> <span class='ocrx_word' id='word_1_32' title='bbox 440 655 493 716; x_wconf 90' lang='lat' dir='ltr'><strong>ille</strong></span> <span class='ocrx_word' id='word_1_33' title='bbox 504 655 600 716; x_wconf 85' lang='lat' dir='ltr'>codex</span> <span class='ocrx_word' id='word_1_34' title='bbox 609 657 863 718; x_wconf 88' lang='lat' dir='ltr'><strong>membranaceus</strong></span> <span class='ocrx_word' id='word_1_35' title='bbox 876 656 1028 738; x_wconf 86' lang='lat' dir='ltr'><strong>quadrato</strong></span> <span class='ocrx_word' id='word_1_36' title='bbox 1038 655 1218 736; x_wconf 89' lang='lat' dir='ltr'><strong>volumine,</strong></span> <span class='ocrx_word' id='word_1_37' title='bbox 1230 659 1267 720; x_wconf 89' lang='lat' dir='ltr'><strong>ad</strong></span> 
     </span>
     <span class='ocr_line' id='line_1_6' title="bbox 219 739 1349 831; baseline -0.005 -16"><span class='ocrx_word' id='word_1_38' title='bbox 219 751 318 815; x_wconf 85' lang='lat' dir='ltr'><strong>nostri</strong></span> <span class='ocrx_word' id='word_1_39' title='bbox 328 749 392 808; x_wconf 85' lang='lat' dir='ltr'><strong>fere</strong></span> <span class='ocrx_word' id='word_1_40' title='bbox 401 747 614 828; x_wconf 76' lang='lat' dir='ltr'><strong>quaternionis</strong></span> <span class='ocrx_word' id='word_1_41' title='bbox 625 746 771 822; x_wconf 88' lang='lat' dir='ltr'><strong>formam,</strong></span> <span class='ocrx_word' id='word_1_42' title='bbox 780 768 798 806; x_wconf 85' lang='lat' dir='ltr'><strong>a</strong></span> <span class='ocrx_word' id='word_1_43' title='bbox 807 747 938 808; x_wconf 86' lang='lat' dir='ltr'><strong>librario</strong></span> <span class='ocrx_word' id='word_1_44' title='bbox 949 748 1196 829; x_wconf 89' lang='lat' dir='ltr'><strong>imperitissimo,</strong></span> <span class='ocrx_word' id='word_1_45' title='bbox 1207 765 1267 831; x_wconf 86' lang='lat' dir='ltr'><strong>quo</strong></span> <span class='ocrx_word' id='word_1_46' title='bbox 1348 739 1349 762; x_wconf 75' lang='lat'>³</span> 
     </span>
     <span class='ocr_line' id='line_1_7' title="bbox 218 828 1269 926; baseline -0.009 -20"><span class='ocrx_word' id='word_1_47' title='bbox 218 850 289 926; x_wconf 94' lang='lat' dir='ltr'><strong>ipso</strong></span> <span class='ocrx_word' id='word_1_48' title='bbox 301 838 377 900; x_wconf 89' lang='lat' dir='ltr'>fides</span> <span class='ocrx_word' id='word_1_49' title='bbox 388 835 454 918; x_wconf 88' lang='lat' dir='ltr'><strong>ejus</strong></span> <span class='ocrx_word' id='word_1_50' title='bbox 466 850 497 896; x_wconf 91' lang='lat' dir='ltr'><strong>et</strong></span> <span class='ocrx_word' id='word_1_51' title='bbox 508 837 675 896; x_wconf 79' lang='lat' dir='ltr'><strong>auctoritas</strong></span> <span class='ocrx_word' id='word_1_52' title='bbox 688 851 776 898; x_wconf 90' lang='lat' dir='ltr'><strong>tanto</strong></span> <span class='ocrx_word' id='word_1_53' title='bbox 790 835 892 918; x_wconf 85' lang='lat' dir='ltr'><strong>major</strong></span> <span class='ocrx_word' id='word_1_54' title='bbox 903 850 967 912; x_wconf 85' lang='lat' dir='ltr'><strong>est,</strong></span> <span class='ocrx_word' id='word_1_55' title='bbox 975 835 1148 918; x_wconf 90' lang='lat' dir='ltr'><strong>majusculo</strong></span> <span class='ocrx_word' id='word_1_56' title='bbox 1162 853 1194 899; x_wconf 92' lang='lat' dir='ltr'><strong>et</strong></span> <span class='ocrx_word' id='word_1_57' title='bbox 1203 828 1269 921; x_wconf 83' lang='lat' dir='ltr'><strong>qui·</strong></span> 
     </span>
     <span class='ocr_line' id='line_1_8' title="bbox 219 925 1269 1013; baseline -0.006 -19"><span class='ocrx_word' id='word_1_58' title='bbox 219 935 292 996; x_wconf 88' lang='lat' dir='ltr'><strong>dem</strong></span> <span class='ocrx_word' id='word_1_59' title='bbox 304 926 431 1011; x_wconf 85' lang='lat' dir='ltr'><strong>capitali</strong></span> <span class='ocrx_word' id='word_1_60' title='bbox 445 929 588 987; x_wconf 91' lang='lat' dir='ltr'><strong>Romano</strong></span> <span class='ocrx_word' id='word_1_61' title='bbox 603 929 719 988; x_wconf 91' lang='lat' dir='ltr'><strong>rustico</strong></span> <span class='ocrx_word' id='word_1_62' title='bbox 739 925 928 1004; x_wconf 83' lang='lat' dir='ltr'><strong>charactere,</strong></span> <span class='ocrx_word' id='word_1_63' title='bbox 947 930 1106 1013; x_wconf 82' lang='lat' dir='ltr'><strong>continuis</strong></span> <span class='ocrx_word' id='word_1_64' title='bbox 1124 931 1269 1004; x_wconf 86' lang='lat' dir='ltr'><strong>vocibus,</strong></span> 
     </span>
     <span class='ocr_line' id='line_1_9' title="bbox 220 1015 1349 1098; baseline -0.005 -16"><span class='ocrx_word' id='word_1_65' title='bbox 220 1025 286 1082; x_wconf 92' lang='lat' dir='ltr'><strong>sine</strong></span> <span class='ocrx_word' id='word_1_66' title='bbox 296 1015 549 1098; x_wconf 86' lang='lat' dir='ltr'><strong>interpunctione</strong></span> <span class='ocrx_word' id='word_1_67' title='bbox 564 1026 720 1090; x_wconf 87' lang='lat' dir='ltr'><strong>exaratus,</strong></span> <span class='ocrx_word' id='word_1_68' title='bbox 733 1035 829 1096; x_wconf 90' lang='lat' dir='ltr'><strong>quam</strong></span> <span class='ocrx_word' id='word_1_69' title='bbox 841 1027 947 1076; x_wconf 88' lang='lat' dir='ltr'><strong>tamen</strong></span> <span class='ocrx_word' id='word_1_70' title='bbox 959 1017 1116 1077; x_wconf 88' lang='lat' dir='ltr'><strong>recentior</strong></span> <span class='ocrx_word' id='word_1_71' title='bbox 1128 1031 1158 1076; x_wconf 87' lang='lat' dir='ltr'><strong>at</strong></span> <span class='ocrx_word' id='word_1_72' title='bbox 1167 1016 1271 1076; x_wconf 88' lang='lat' dir='ltr'><strong>indoc-</strong></span> <span class='ocrx_word' id='word_1_73' title='bbox 1348 1039 1349 1068; x_wconf 58' lang='grc' dir='ltr'>ι</span> 
     </span>
     <span class='ocr_line' id='line_1_10' title="bbox 218 1099 1349 1185; baseline -0.007 -16"><span class='ocrx_word' id='word_1_74' title='bbox 218 1123 252 1170; x_wconf 89' lang='lat' dir='ltr'><strong>ta</strong></span> <span class='ocrx_word' id='word_1_75' title='bbox 270 1125 382 1166; x_wconf 90' lang='lat' dir='ltr'><strong>manus</strong></span> <span class='ocrx_word' id='word_1_76' title='bbox 402 1103 518 1185; x_wconf 80' lang='lat' dir='ltr'><strong>passim</strong></span> <span class='ocrx_word' id='word_1_77' title='bbox 536 1099 707 1184; x_wconf 89' lang='lat' dir='ltr'><strong>supplevit,</strong></span> <span class='ocrx_word' id='word_1_78' title='bbox 725 1102 855 1182; x_wconf 89' lang='lat' dir='ltr'><strong>picturis</strong></span> <span class='ocrx_word' id='word_1_79' title='bbox 879 1115 1059 1180; x_wconf 89' lang='lat' dir='ltr'><strong>exornatus,</strong></span> <span class='ocrx_word' id='word_1_80' title='bbox 1080 1104 1196 1185; x_wconf 92' lang='lat' dir='ltr'><strong>quibus</strong></span> <span class='ocrx_word' id='word_1_81' title='bbox 1218 1103 1268 1162; x_wconf 89' lang='lat' dir='ltr'><strong>ille</strong></span> <span class='ocrx_word' id='word_1_82' title='bbox 1348 1111 1349 1180; x_wconf 70' lang='lat' dir='ltr'>j</span> 
     </span>
     <span class='ocr_line' id='line_1_11' title="bbox 220 1190 1271 1271; baseline -0.007 -15"><span class='ocrx_word' id='word_1_83' title='bbox 220 1195 321 1256; x_wconf 89' lang='lat' dir='ltr'><strong>multo</strong></span> <span class='ocrx_word' id='word_1_84' title='bbox 336 1192 429 1251; x_wconf 89' lang='lat' dir='ltr'><strong>etiam</strong></span> <span class='ocrx_word' id='word_1_85' title='bbox 448 1190 562 1270; x_wconf 78' lang='lat' dir='ltr'><strong>magia,</strong></span> <span class='ocrx_word' id='word_1_86' title='bbox 582 1210 678 1270; x_wconf 90' lang='lat' dir='ltr'><strong>quam</strong></span> <span class='ocrx_word' id='word_1_87' title='bbox 696 1191 846 1271; x_wconf 87' lang='lat' dir='ltr'><strong>scriptura</strong></span> <span class='ocrx_word' id='word_1_88' title='bbox 868 1192 949 1251; x_wconf 89' lang='lat' dir='ltr'><strong>inter</strong></span> <span class='ocrx_word' id='word_1_89' title='bbox 964 1193 1048 1253; x_wconf 86' lang='lat' dir='ltr'><strong>viros</strong></span> <span class='ocrx_word' id='word_1_90' title='bbox 1066 1192 1178 1252; x_wconf 91' lang='lat' dir='ltr'><strong>doctos</strong></span> <span class='ocrx_word' id='word_1_91' title='bbox 1196 1191 1271 1252; x_wconf 87' lang='lat' dir='ltr'><strong>cele·</strong></span> 
     </span>
     <span class='ocr_line' id='line_1_12' title="bbox 218 1275 1349 1360; baseline -0.006 -16"><span class='ocrx_word' id='word_1_92' title='bbox 218 1283 304 1344; x_wconf 89' lang='lat' dir='ltr'><strong>brari</strong></span> <span class='ocrx_word' id='word_1_93' title='bbox 319 1279 423 1359; x_wconf 89' lang='lat' dir='ltr'><strong>coepit.</strong></span> <span class='ocrx_word' id='word_1_94' title='bbox 437 1277 593 1357; x_wconf 90' lang='lat' dir='ltr'><strong>Scriptura</strong></span> <span class='ocrx_word' id='word_1_95' title='bbox 605 1275 724 1336; x_wconf 81' lang='lat' dir='ltr'><strong>deflexa</strong></span> <span class='ocrx_word' id='word_1_96' title='bbox 738 1290 783 1337; x_wconf 89' lang='lat' dir='ltr'><strong>est</strong></span> <span class='ocrx_word' id='word_1_97' title='bbox 797 1278 836 1337; x_wconf 92' lang='lat' dir='ltr'><strong>ad</strong></span> <span class='ocrx_word' id='word_1_98' title='bbox 851 1278 1029 1339; x_wconf 88' lang='lat' dir='ltr'><strong>molliorem</strong></span> <span class='ocrx_word' id='word_1_99' title='bbox 1040 1280 1271 1360; x_wconf 88' lang='lat' dir='ltr'><strong>pronuntiatio·</strong></span> <span class='ocrx_word' id='word_1_100' title='bbox 1348 1337 1349 1360; x_wconf 57' lang='lat'><strong>,</strong></span> 
     </span>
     <span class='ocr_line' id='line_1_13' title="bbox 220 1362 1349 1448; baseline -0.004 -16"><span class='ocrx_word' id='word_1_101' title='bbox 220 1391 310 1432; x_wconf 88' lang='lat' dir='ltr'><strong>nem:</strong></span> <span class='ocrx_word' id='word_1_102' title='bbox 323 1388 352 1426; x_wconf 88' lang='lat' dir='ltr'><strong>v.</strong></span> <span class='ocrx_word' id='word_1_103' title='bbox 367 1387 393 1426; x_wconf 89' lang='lat' dir='ltr'><strong>c.</strong></span> <span class='ocrx_word' id='word_1_104' title='bbox 408 1366 551 1446; x_wconf 83' lang='lat' dir='ltr'><strong>impositi,</strong></span> <span class='ocrx_word' id='word_1_105' title='bbox 565 1362 684 1446; x_wconf 71' lang='lat' dir='ltr'><strong>alligat,</strong></span> <span class='ocrx_word' id='word_1_106' title='bbox 702 1386 769 1425; x_wconf 90' lang='lat' dir='ltr'><strong>non</strong></span> <span class='ocrx_word' id='word_1_107' title='bbox 783 1368 913 1448; x_wconf 84' lang='lat' dir='ltr'><strong>inpositi,</strong></span> <span class='ocrx_word' id='word_1_108' title='bbox 928 1364 1049 1448; x_wconf 72' lang='lat' dir='ltr'><strong>adligat.</strong></span> <span class='ocrx_word' id='word_1_109' title='bbox 1063 1368 1136 1426; x_wconf 87' lang='lat' dir='ltr'><strong>Jam</strong></span> <span class='ocrx_word' id='word_1_110' title='bbox 1151 1388 1222 1448; x_wconf 83' lang='lat' dir='ltr'><strong>quae</strong></span> <span class='ocrx_word' id='word_1_111' title='bbox 1236 1366 1272 1424; x_wconf 85' lang='lat' dir='ltr'><strong>de</strong></span> <span class='ocrx_word' id='word_1_112' title='bbox 1348 1425 1349 1428; x_wconf 74' lang='grc'>,</span> 
     </span>
     <span class='ocr_line' id='line_1_14' title="bbox 222 1453 1272 1538; baseline -0.006 -16"><span class='ocrx_word' id='word_1_113' title='bbox 222 1459 346 1522; x_wconf 87' lang='lat' dir='ltr'><strong>Codicis</strong></span> <span class='ocrx_word' id='word_1_114' title='bbox 361 1469 450 1516; x_wconf 85' lang='lat' dir='ltr'><strong>aetate</strong></span> <span class='ocrx_word' id='word_1_115' title='bbox 464 1476 482 1513; x_wconf 88' lang='lat' dir='ltr'><strong>a</strong></span> <span class='ocrx_word' id='word_1_116' title='bbox 496 1453 618 1515; x_wconf 89' lang='lat' dir='ltr'><strong>doctiss.</strong></span> <span class='ocrx_word' id='word_1_117' title='bbox 632 1457 770 1516; x_wconf 90' lang='lat' dir='ltr'><strong>Bottario</strong></span> <span class='ocrx_word' id='word_1_118' title='bbox 785 1469 816 1515; x_wconf 86' lang='lat' dir='ltr'><strong>et</strong></span> <span class='ocrx_word' id='word_1_119' title='bbox 830 1477 847 1516; x_wconf 91' lang='lat' dir='ltr'><strong>a</strong></span> <span class='ocrx_word' id='word_1_120' title='bbox 863 1458 923 1517; x_wconf 89' lang='lat' dir='ltr'><strong>PP.</strong></span> <span class='ocrx_word' id='word_1_121' title='bbox 935 1456 1144 1517; x_wconf 90' lang='lat' dir='ltr'><strong>Benedictinis</strong></span> <span class='ocrx_word' id='word_1_122' title='bbox 1155 1459 1198 1538; x_wconf 87' lang='lat' dir='ltr'><strong>(r)</strong></span> <span class='ocrx_word' id='word_1_123' title='bbox 1211 1458 1272 1517; x_wconf 91' lang='lat' dir='ltr'><strong>dis·</strong></span> 
     </span>
     <span class='ocr_line' id='line_1_15' title="bbox 222 1535 1349 1632; baseline -0.004 -24"><span class='ocrx_word' id='word_1_124' title='bbox 222 1559 330 1632; x_wconf 85' lang='lat' dir='ltr'><strong>putata</strong></span> <span class='ocrx_word' id='word_1_125' title='bbox 341 1556 426 1618; x_wconf 91' lang='lat' dir='ltr'><strong>sunt,</strong></span> <span class='ocrx_word' id='word_1_126' title='bbox 437 1540 488 1600; x_wconf 92' lang='lat' dir='ltr'><strong>hic</strong></span> <span class='ocrx_word' id='word_1_127' title='bbox 498 1541 625 1622; x_wconf 90' lang='lat' dir='ltr'><strong>quidem</strong></span> <span class='ocrx_word' id='word_1_128' title='bbox 636 1555 773 1624; x_wconf 87' lang='lat' dir='ltr'><strong>repetere</strong></span> <span class='ocrx_word' id='word_1_129' title='bbox 786 1564 850 1603; x_wconf 90' lang='lat' dir='ltr'><strong>non</strong></span> <span class='ocrx_word' id='word_1_130' title='bbox 858 1565 1035 1625; x_wconf 90' lang='lat' dir='ltr'><strong>possumus.</strong></span> <span class='ocrx_word' id='word_1_131' title='bbox 1048 1545 1078 1604; x_wconf 88' lang='lat' dir='ltr'><strong>Si</strong></span> <span class='ocrx_word' id='word_1_132' title='bbox 1087 1559 1195 1605; x_wconf 90' lang='lat' dir='ltr'><strong>tamen</strong></span> <span class='ocrx_word' id='word_1_133' title='bbox 1207 1543 1273 1618; x_wconf 90' lang='lat' dir='ltr'><strong>hos,</strong></span> <span class='ocrx_word' id='word_1_134' title='bbox 1348 1535 1349 1564; x_wconf 64' lang='lat'>¹</span> 
     </span>
     <span class='ocr_line' id='line_1_16' title="bbox 221 1630 1274 1718; baseline -0.004 -20"><span class='ocrx_word' id='word_1_135' title='bbox 221 1637 382 1718; x_wconf 89' lang='lat' dir='ltr'><strong>tamquam</strong></span> <span class='ocrx_word' id='word_1_136' title='bbox 402 1632 554 1691; x_wconf 88' lang='lat' dir='ltr'><strong>doctiores</strong></span> <span class='ocrx_word' id='word_1_137' title='bbox 569 1631 704 1713; x_wconf 88' lang='lat' dir='ltr'><strong>judices,</strong></span> <span class='ocrx_word' id='word_1_138' title='bbox 723 1630 849 1708; x_wconf 82' lang='lat' dir='ltr'><strong>audias,</strong></span> <span class='ocrx_word' id='word_1_139' title='bbox 869 1648 902 1693; x_wconf 88' lang='lat' dir='ltr'><strong>et</strong></span> <span class='ocrx_word' id='word_1_140' title='bbox 915 1633 1016 1709; x_wconf 89' lang='lat' dir='ltr'><strong>Italis,</strong></span> <span class='ocrx_word' id='word_1_141' title='bbox 1035 1634 1188 1715; x_wconf 89' lang='lat' dir='ltr'><strong>quicquid</strong></span> <span class='ocrx_word' id='word_1_142' title='bbox 1206 1655 1274 1716; x_wconf 89' lang='lat' dir='ltr'><strong>pra-</strong></span> 
     </span>
     <span class='ocr_line' id='line_1_17' title="bbox 221 1715 1349 1798; baseline -0.004 -12"><span class='ocrx_word' id='word_1_143' title='bbox 221 1745 297 1786; x_wconf 88' lang='lat' dir='ltr'><strong>vum</strong></span> <span class='ocrx_word' id='word_1_144' title='bbox 310 1721 349 1782; x_wconf 92' lang='lat' dir='ltr'><strong>ad</strong></span> <span class='ocrx_word' id='word_1_145' title='bbox 362 1719 513 1798; x_wconf 88' lang='lat' dir='ltr'><strong>majorem</strong></span> <span class='ocrx_word' id='word_1_146' title='bbox 525 1732 710 1780; x_wconf 88' lang='lat' dir='ltr'><strong>vetustatem</strong></span> <span class='ocrx_word' id='word_1_147' title='bbox 727 1723 833 1780; x_wconf 87' lang='lat' dir='ltr'><strong>omnia</strong></span> <span class='ocrx_word' id='word_1_148' title='bbox 846 1720 1014 1782; x_wconf 89' lang='lat' dir='ltr'><strong>revocandi</strong></span> <span class='ocrx_word' id='word_1_149' title='bbox 1031 1721 1175 1782; x_wconf 89' lang='lat' dir='ltr'><strong>studium</strong></span> <span class='ocrx_word' id='word_1_150' title='bbox 1189 1743 1274 1781; x_wconf 87' lang='lat' dir='ltr'><strong>com·</strong></span> <span class='ocrx_word' id='word_1_151' title='bbox 1348 1715 1349 1774; x_wconf 61' lang='grc' dir='ltr'>ἶ</span> 
     </span>
     <span class='ocr_line' id='line_1_18' title="bbox 223 1805 1349 1890; baseline -0.005 -18"><span class='ocrx_word' id='word_1_152' title='bbox 223 1811 343 1873; x_wconf 89' lang='lat' dir='ltr'><strong>minisci</strong></span> <span class='ocrx_word' id='word_1_153' title='bbox 358 1808 466 1886; x_wconf 89' lang='lat' dir='ltr'><strong>jussit,</strong></span> <span class='ocrx_word' id='word_1_154' title='bbox 481 1805 657 1868; x_wconf 92' lang='lat' dir='ltr'><strong>condones:</strong></span> <span class='ocrx_word' id='word_1_155' title='bbox 674 1824 828 1890; x_wconf 91' lang='lat' dir='ltr'><strong>quantum</strong></span> <span class='ocrx_word' id='word_1_156' title='bbox 843 1809 969 1890; x_wconf 88' lang='lat' dir='ltr'><strong>quidem</strong></span> <span class='ocrx_word' id='word_1_157' title='bbox 982 1811 1016 1868; x_wconf 93' lang='lat' dir='ltr'><strong>in</strong></span> <span class='ocrx_word' id='word_1_158' title='bbox 1029 1831 1062 1869; x_wconf 88' lang='lat' dir='ltr'><strong>re</strong></span> <span class='ocrx_word' id='word_1_159' title='bbox 1074 1811 1193 1869; x_wconf 87' lang='lat' dir='ltr'><strong>incerta</strong></span> <span class='ocrx_word' id='word_1_160' title='bbox 1203 1831 1274 1870; x_wconf 89' lang='lat' dir='ltr'><strong>con·</strong></span> <span class='ocrx_word' id='word_1_161' title='bbox 1347 1855 1349 1866; x_wconf 24' lang='grc' dir='ltr'><em>Α</em></span> 
     </span>
     <span class='ocr_line' id='line_1_19' title="bbox 220 1894 1276 1982; baseline -0.004 -22"><span class='ocrx_word' id='word_1_162' title='bbox 220 1895 366 1982; x_wconf 83' lang='lat' dir='ltr'><strong>jactando</strong></span> <span class='ocrx_word' id='word_1_163' title='bbox 386 1895 505 1974; x_wconf 88' lang='lat' dir='ltr'><strong>assequi</strong></span> <span class='ocrx_word' id='word_1_164' title='bbox 523 1894 610 1972; x_wconf 91' lang='lat' dir='ltr'><strong>licet,</strong></span> <span class='ocrx_word' id='word_1_165' title='bbox 630 1917 695 1956; x_wconf 90' lang='lat' dir='ltr'><strong>non</strong></span> <span class='ocrx_word' id='word_1_166' title='bbox 708 1896 791 1961; x_wconf 83' lang='lat' dir='ltr'><strong>ultra</strong></span> <span class='ocrx_word' id='word_1_167' title='bbox 808 1896 992 1958; x_wconf 85' lang='lat' dir='ltr'><strong>saeculumV</strong></span> <span class='ocrx_word' id='word_1_168' title='bbox 1006 1918 1165 1980; x_wconf 78' lang='lat' dir='ltr'><strong>assurgere</strong></span> <span class='ocrx_word' id='word_1_169' title='bbox 1178 1919 1213 1957; x_wconf 89' lang='lat' dir='ltr'><strong>ea</strong></span> <span class='ocrx_word' id='word_1_170' title='bbox 1227 1918 1276 1956; x_wconf 89' lang='lat' dir='ltr'><strong>ve·</strong></span> 
     </span>
     <span class='ocr_line' id='line_1_20' title="bbox 222 1981 1274 2066; baseline -0.005 -19"><span class='ocrx_word' id='word_1_171' title='bbox 222 1997 319 2047; x_wconf 87' lang='lat' dir='ltr'><strong>tustas</strong></span> <span class='ocrx_word' id='word_1_172' title='bbox 341 1981 472 2042; x_wconf 88' lang='lat' dir='ltr'><strong>videtur.</strong></span> <span class='ocrx_word' id='word_1_173' title='bbox 493 1982 588 2060; x_wconf 86' lang='lat' dir='ltr'><strong>Nam,</strong></span> <span class='ocrx_word' id='word_1_174' title='bbox 611 1984 696 2064; x_wconf 91' lang='lat' dir='ltr'><strong>quod</strong></span> <span class='ocrx_word' id='word_1_175' title='bbox 718 1986 915 2066; x_wconf 86' lang='lat' dir='ltr'><strong>praecipuum</strong></span> <span class='ocrx_word' id='word_1_176' title='bbox 936 1985 1096 2066; x_wconf 87' lang='lat' dir='ltr'><strong>opinionis</strong></span> <span class='ocrx_word' id='word_1_177' title='bbox 1115 1983 1155 2044; x_wconf 85' lang='lat' dir='ltr'><strong>de</strong></span> <span class='ocrx_word' id='word_1_178' title='bbox 1174 1983 1274 2043; x_wconf 90' lang='lat' dir='ltr'><strong>multo</strong></span> 
     </span>
     <span class='ocr_line' id='line_1_21' title="bbox 223 2071 1275 2158; baseline -0.004 -21"><span class='ocrx_word' id='word_1_179' title='bbox 223 2074 342 2158; x_wconf 88' lang='lat' dir='ltr'><strong>majore</strong></span> <span class='ocrx_word' id='word_1_180' title='bbox 354 2071 541 2151; x_wconf 89' lang='lat' dir='ltr'><strong>antiquitate</strong></span> <span class='ocrx_word' id='word_1_181' title='bbox 552 2071 734 2154; x_wconf 84' lang='lat' dir='ltr'><strong>praesidium</strong></span> <span class='ocrx_word' id='word_1_182' title='bbox 747 2095 765 2132; x_wconf 89' lang='lat' dir='ltr'><strong>a</strong></span> <span class='ocrx_word' id='word_1_183' title='bbox 777 2076 905 2155; x_wconf 83' lang='lat' dir='ltr'><strong>picturae</strong></span> <span class='ocrx_word' id='word_1_184' title='bbox 916 2071 1049 2135; x_wconf 87' lang='lat' dir='ltr'><strong>artificio</strong></span> <span class='ocrx_word' id='word_1_185' title='bbox 1061 2095 1096 2134; x_wconf 90' lang='lat' dir='ltr'><strong>ac</strong></span> <span class='ocrx_word' id='word_1_186' title='bbox 1108 2076 1216 2134; x_wconf 89' lang='lat' dir='ltr'><strong>nitore</strong></span> <span class='ocrx_word' id='word_1_187' title='bbox 1226 2095 1275 2156; x_wconf 88' lang='lat' dir='ltr'><strong>pe-</strong></span> 
     </span>
     <span class='ocr_line' id='line_1_22' title="bbox 222 2161 1349 2242; baseline -0.004 -14"><span class='ocrx_word' id='word_1_188' title='bbox 222 2167 314 2241; x_wconf 84' lang='lat' dir='ltr'><strong>titur,</strong></span> <span class='ocrx_word' id='word_1_189' title='bbox 329 2162 362 2222; x_wconf 91' lang='lat' dir='ltr'><strong>id</strong></span> <span class='ocrx_word' id='word_1_190' title='bbox 376 2182 434 2222; x_wconf 89' lang='lat' dir='ltr'><strong>nec</strong></span> <span class='ocrx_word' id='word_1_191' title='bbox 446 2162 545 2242; x_wconf 86' lang='lat' dir='ltr'><strong>magis</strong></span> <span class='ocrx_word' id='word_1_192' title='bbox 560 2174 663 2222; x_wconf 91' lang='lat' dir='ltr'><strong>tutum</strong></span> <span class='ocrx_word' id='word_1_193' title='bbox 678 2185 714 2222; x_wconf 91' lang='lat' dir='ltr'><strong>ac</strong></span> <span class='ocrx_word' id='word_1_194' title='bbox 729 2161 857 2224; x_wconf 90' lang='lat' dir='ltr'><strong>firmum</strong></span> <span class='ocrx_word' id='word_1_195' title='bbox 869 2176 922 2223; x_wconf 87' lang='lat' dir='ltr'><strong>est.</strong></span> <span class='ocrx_word' id='word_1_196' title='bbox 938 2165 1045 2224; x_wconf 92' lang='lat' dir='ltr'><strong>Potuit</strong></span> <span class='ocrx_word' id='word_1_197' title='bbox 1058 2164 1145 2222; x_wconf 90' lang='lat' dir='ltr'><strong>euim</strong></span> <span class='ocrx_word' id='word_1_198' title='bbox 1160 2165 1275 2224; x_wconf 89' lang='lat' dir='ltr'><strong>seriore</strong></span> <span class='ocrx_word' id='word_1_199' title='bbox 1348 2197 1349 2204; x_wconf 20' lang='grc' dir='ltr'><strong>κ</strong></span> 
     </span>
     <span class='ocr_line' id='line_1_23' title="bbox 224 2247 1349 2340; baseline -0.005 -24"><span class='ocrx_word' id='word_1_200' title='bbox 224 2254 368 2340; x_wconf 88' lang='lat' dir='ltr'><strong>quamvis</strong></span> <span class='ocrx_word' id='word_1_201' title='bbox 382 2271 449 2311; x_wconf 87' lang='lat' dir='ltr'><strong>aevo</strong></span> <span class='ocrx_word' id='word_1_202' title='bbox 465 2250 587 2310; x_wconf 88' lang='lat' dir='ltr'><strong>bonum</strong></span> <span class='ocrx_word' id='word_1_203' title='bbox 602 2251 730 2332; x_wconf 90' lang='lat' dir='ltr'><strong>aliquod</strong></span> <span class='ocrx_word' id='word_1_204' title='bbox 745 2253 908 2332; x_wconf 83' lang='lat' dir='ltr'><strong>ingenium</strong></span> <span class='ocrx_word' id='word_1_205' title='bbox 922 2251 1054 2312; x_wconf 87' lang='lat' dir='ltr'><strong>meliora</strong></span> <span class='ocrx_word' id='word_1_206' title='bbox 1071 2254 1175 2332; x_wconf 91' lang='lat' dir='ltr'><strong>sequi,</strong></span> <span class='ocrx_word' id='word_1_207' title='bbox 1191 2267 1236 2327; x_wconf 90' lang='lat' dir='ltr'><strong>et,</strong></span> <span class='ocrx_word' id='word_1_208' title='bbox 1251 2253 1276 2312; x_wconf 94' lang='lat' dir='ltr'><strong>si</strong></span> <span class='ocrx_word' id='word_1_209' title='bbox 1348 2247 1349 2272; x_wconf 37' lang='lat' dir='ltr'><strong>l</strong></span> 
     </span>
     <span class='ocr_line' id='line_1_24' title="bbox 222 2335 1349 2421; baseline -0.005 -17"><span class='ocrx_word' id='word_1_210' title='bbox 222 2365 258 2404; x_wconf 85' lang='lat' dir='ltr'><strong>ex</strong></span> <span class='ocrx_word' id='word_1_211' title='bbox 271 2339 441 2402; x_wconf 87' lang='lat' dir='ltr'><strong>vetustiore</strong></span> <span class='ocrx_word' id='word_1_212' title='bbox 455 2337 537 2397; x_wconf 91' lang='lat' dir='ltr'><strong>libro</strong></span> <span class='ocrx_word' id='word_1_213' title='bbox 549 2335 597 2398; x_wconf 87' lang='lat' dir='ltr'><strong>hae</strong></span> <span class='ocrx_word' id='word_1_214' title='bbox 609 2339 682 2420; x_wconf 86' lang='lat' dir='ltr'><strong>ipsae</strong></span> <span class='ocrx_word' id='word_1_215' title='bbox 692 2341 820 2421; x_wconf 86' lang='lat' dir='ltr'><strong>picturae</strong></span> <span class='ocrx_word' id='word_1_216' title='bbox 831 2359 980 2420; x_wconf 84' lang='lat' dir='ltr'><strong>expressae</strong></span> <span class='ocrx_word' id='word_1_217' title='bbox 994 2351 1081 2416; x_wconf 84' lang='lat' dir='ltr'><strong>sunt,</strong></span> <span class='ocrx_word' id='word_1_218' title='bbox 1093 2339 1181 2420; x_wconf 92' lang='lat' dir='ltr'><strong>quod</strong></span> <span class='ocrx_word' id='word_1_219' title='bbox 1195 2353 1276 2399; x_wconf 90' lang='lat' dir='ltr'><strong>certe</strong></span> <span class='ocrx_word' id='word_1_220' title='bbox 1348 2411 1349 2414; x_wconf 7' lang='grc' dir='ltr'><strong>Ἴ</strong></span> 
     </span>
     <span class='ocr_line' id='line_1_25' title="bbox 223 2427 1349 2513; baseline -0.003 -20"><span class='ocrx_word' id='word_1_221' title='bbox 223 2430 351 2513; x_wconf 90' lang='lat' dir='ltr'><strong>majoris</strong></span> <span class='ocrx_word' id='word_1_222' title='bbox 367 2429 401 2488; x_wconf 92' lang='lat' dir='ltr'><strong>in</strong></span> <span class='ocrx_word' id='word_1_223' title='bbox 416 2427 566 2501; x_wconf 75' lang='lat' dir='ltr'><strong>vestibuS,</strong></span> <span class='ocrx_word' id='word_1_224' title='bbox 582 2429 691 2502; x_wconf 89' lang='lat' dir='ltr'><strong>armis,</strong></span> <span class='ocrx_word' id='word_1_225' title='bbox 708 2441 738 2488; x_wconf 91' lang='lat' dir='ltr'><strong>et</strong></span> <span class='ocrx_word' id='word_1_226' title='bbox 752 2429 821 2488; x_wconf 87' lang='lat' dir='ltr'><strong>aliis</strong></span> <span class='ocrx_word' id='word_1_227' title='bbox 835 2428 925 2488; x_wconf 91' lang='lat' dir='ltr'><strong>rebus</strong></span> <span class='ocrx_word' id='word_1_228' title='bbox 940 2429 1136 2510; x_wconf 88' lang='lat' dir='ltr'><strong>antiquitatis</strong></span> <span class='ocrx_word' id='word_1_229' title='bbox 1148 2431 1277 2511; x_wconf 88' lang='lat' dir='ltr'><strong>vestigia</strong></span> <span class='ocrx_word' id='word_1_230' title='bbox 1348 2433 1349 2490; x_wconf 68' lang='lat' dir='ltr'><strong>l</strong></span> 
     </span>
     <span class='ocr_line' id='line_1_26' title="bbox 224 2499 1349 2602; baseline -0.004 -20"><span class='ocrx_word' id='word_1_231' title='bbox 224 2519 381 2582; x_wconf 89' lang='lat' dir='ltr'><strong>nonnulla</strong></span> <span class='ocrx_word' id='word_1_232' title='bbox 395 2516 542 2602; x_wconf 81' lang='lat' dir='ltr'><strong>suadent,</strong></span> <span class='ocrx_word' id='word_1_233' title='bbox 557 2519 766 2599; x_wconf 88' lang='lat' dir='ltr'><strong>antiquiorem</strong></span> <span class='ocrx_word' id='word_1_234' title='bbox 781 2539 817 2578; x_wconf 90' lang='lat' dir='ltr'><strong>ac</strong></span> <span class='ocrx_word' id='word_1_235' title='bbox 833 2519 996 2578; x_wconf 89' lang='lat' dir='ltr'><strong>meliorem</strong></span> <span class='ocrx_word' id='word_1_236' title='bbox 1011 2519 1165 2578; x_wconf 88' lang='lat' dir='ltr'><strong>rationem</strong></span> <span class='ocrx_word' id='word_1_237' title='bbox 1177 2520 1277 2600; x_wconf 86' lang='lat' dir='ltr'><strong>expri·</strong></span> <span class='ocrx_word' id='word_1_238' title='bbox 1348 2499 1349 2590; x_wconf 74' lang='lat' dir='ltr'><strong>l</strong></span> 
     </span>
     <span class='ocr_line' id='line_1_27' title="bbox 223 2606 1277 2696; baseline -0.006 -22"><span class='ocrx_word' id='word_1_239' title='bbox 223 2606 316 2674; x_wconf 75' lang='lat' dir='ltr'><strong>mere.</strong></span> <span class='ocrx_word' id='word_1_240' title='bbox 332 2611 393 2669; x_wconf 88' lang='lat' dir='ltr'><strong>Nec</strong></span> <span class='ocrx_word' id='word_1_241' title='bbox 410 2623 516 2667; x_wconf 90' lang='lat' dir='ltr'><strong>tamen</strong></span> <span class='ocrx_word' id='word_1_242' title='bbox 531 2607 622 2668; x_wconf 89' lang='lat' dir='ltr'><strong>valde</strong></span> <span class='ocrx_word' id='word_1_243' title='bbox 636 2611 747 2668; x_wconf 91' lang='lat' dir='ltr'><strong>vetusti</strong></span> <span class='ocrx_word' id='word_1_244' title='bbox 767 2611 863 2668; x_wconf 90' lang='lat' dir='ltr'><strong>moris</strong></span> <span class='ocrx_word' id='word_1_245' title='bbox 875 2609 1007 2696; x_wconf 76' lang='lat' dir='ltr'><strong>vestigia</strong></span> <span class='ocrx_word' id='word_1_246' title='bbox 1025 2609 1059 2667; x_wconf 91' lang='lat' dir='ltr'><strong>in</strong></span> <span class='ocrx_word' id='word_1_247' title='bbox 1078 2607 1130 2668; x_wconf 92' lang='lat' dir='ltr'><strong>his</strong></span> <span class='ocrx_word' id='word_1_248' title='bbox 1148 2611 1277 2690; x_wconf 89' lang='lat' dir='ltr'><strong>picturis</strong></span> 
     </span>
     <span class='ocr_line' id='line_1_28' title="bbox 225 2659 1349 2783; baseline -0.004 -23"><span class='ocrx_word' id='word_1_249' title='bbox 225 2695 453 2783; x_wconf 88' lang='lat' dir='ltr'><strong>deprehendas,</strong></span> <span class='ocrx_word' id='word_1_250' title='bbox 468 2717 523 2756; x_wconf 90' lang='lat' dir='ltr'><strong>nec</strong></span> <span class='ocrx_word' id='word_1_251' title='bbox 535 2695 651 2772; x_wconf 86' lang='lat' dir='ltr'><strong>laudis,</strong></span> <span class='ocrx_word' id='word_1_252' title='bbox 667 2719 730 2778; x_wconf 91' lang='lat' dir='ltr'><strong>qua</strong></span> <span class='ocrx_word' id='word_1_253' title='bbox 744 2699 879 2778; x_wconf 91' lang='lat' dir='ltr'><strong>picturas</strong></span> <span class='ocrx_word' id='word_1_254' title='bbox 892 2695 960 2756; x_wconf 88' lang='lat' dir='ltr'><strong>illas</strong></span> <span class='ocrx_word' id='word_1_255' title='bbox 973 2695 1125 2772; x_wconf 84' lang='lat' dir='ltr'><strong>efferunt,</strong></span> <span class='ocrx_word' id='word_1_256' title='bbox 1137 2695 1239 2777; x_wconf 88' lang='lat' dir='ltr'><strong>justas</strong></span> <span class='ocrx_word' id='word_1_257' title='bbox 1250 2711 1278 2756; x_wconf 92' lang='lat' dir='ltr'><strong>et</strong></span> <span class='ocrx_word' id='word_1_258' title='bbox 1347 2659 1349 2768; x_wconf 78' lang='lat' dir='ltr'><strong>l</strong></span> 
     </span>
     <span class='ocr_line' id='line_1_29' title="bbox 224 2782 1349 2880; baseline -0.006 -31"><span class='ocrx_word' id='word_1_259' title='bbox 224 2789 354 2850; x_wconf 86' lang='lat' dir='ltr'><strong>idoneas</strong></span> <span class='ocrx_word' id='word_1_260' title='bbox 364 2805 483 2844; x_wconf 84' lang='lat' dir='ltr'><strong>caussas</strong></span> <span class='ocrx_word' id='word_1_261' title='bbox 496 2805 560 2844; x_wconf 90' lang='lat' dir='ltr'><strong>esse</strong></span> <span class='ocrx_word' id='word_1_262' title='bbox 572 2782 687 2844; x_wconf 86' lang='lat' dir='ltr'><strong>videas.</strong></span> <span class='ocrx_word' id='word_1_263' title='bbox 698 2786 761 2843; x_wconf 89' lang='lat' dir='ltr'><strong>Neo</strong></span> <span class='ocrx_word' id='word_1_264' title='bbox 771 2786 856 2844; x_wconf 88' lang='lat' dir='ltr'><strong>enim</strong></span> <span class='ocrx_word' id='word_1_265' title='bbox 866 2782 1039 2844; x_wconf 87' lang='lat' dir='ltr'><strong>subtilitate</strong></span> <span class='ocrx_word' id='word_1_266' title='bbox 1051 2782 1211 2843; x_wconf 88' lang='lat' dir='ltr'><strong>linearum</strong></span> <span class='ocrx_word' id='word_1_267' title='bbox 1224 2805 1278 2843; x_wconf 87' lang='lat' dir='ltr'><strong>nec</strong></span> <span class='ocrx_word' id='word_1_268' title='bbox 1348 2845 1349 2880; x_wconf 48' lang='lat'><strong>,</strong></span> 
     </span>
     <span class='ocr_line' id='line_1_30' title="bbox 224 2873 1277 2955; baseline -0.008 -13"><span class='ocrx_word' id='word_1_269' title='bbox 224 2881 399 2942; x_wconf 88' lang='lat' dir='ltr'><strong>formarum</strong></span> <span class='ocrx_word' id='word_1_270' title='bbox 419 2875 572 2955; x_wconf 78' lang='lat' dir='ltr'><strong>elegantia</strong></span> <span class='ocrx_word' id='word_1_271' title='bbox 591 2873 652 2933; x_wconf 86' lang='lat' dir='ltr'><strong>illae</strong></span> <span class='ocrx_word' id='word_1_272' title='bbox 671 2895 701 2934; x_wconf 91' lang='lat' dir='ltr'><strong>se</strong></span> <span class='ocrx_word' id='word_1_273' title='bbox 720 2873 960 2948; x_wconf 76' lang='lat' dir='ltr'><strong>commendant,</strong></span> <span class='ocrx_word' id='word_1_274' title='bbox 978 2873 1102 2932; x_wconf 88' lang='lat' dir='ltr'><strong>ratione</strong></span> <span class='ocrx_word' id='word_1_275' title='bbox 1120 2875 1277 2954; x_wconf 88' lang='lat' dir='ltr'><strong>partium,</strong></span> 
     </span>
     <span class='ocr_line' id='line_1_31' title="bbox 224 2958 1278 3054; baseline -0.007 -22"><span class='ocrx_word' id='word_1_276' title='bbox 224 2969 404 3054; x_wconf 76' lang='lat' dir='ltr'><strong>symmetria</strong></span> <span class='ocrx_word' id='word_1_277' title='bbox 418 2979 448 3024; x_wconf 90' lang='lat' dir='ltr'><strong>et</strong></span> <span class='ocrx_word' id='word_1_278' title='bbox 466 2963 567 3023; x_wconf 89' lang='lat' dir='ltr'><strong>multo</strong></span> <span class='ocrx_word' id='word_1_279' title='bbox 584 2965 683 3044; x_wconf 87' lang='lat' dir='ltr'><strong>magis</strong></span> <span class='ocrx_word' id='word_1_280' title='bbox 698 2965 814 3045; x_wconf 87' lang='lat' dir='ltr'><strong>optices</strong></span> <span class='ocrx_word' id='word_1_281' title='bbox 833 2964 900 3043; x_wconf 90' lang='lat' dir='ltr'><strong>lege</strong></span> <span class='ocrx_word' id='word_1_282' title='bbox 914 2984 949 3022; x_wconf 89' lang='lat' dir='ltr'><strong>ac</strong></span> <span class='ocrx_word' id='word_1_283' title='bbox 964 2961 1040 3038; x_wconf 86' lang='lat' dir='ltr'><strong>fide,</strong></span> <span class='ocrx_word' id='word_1_284' title='bbox 1058 2958 1196 3044; x_wconf 85' lang='lat' dir='ltr'><strong>peccant</strong></span> <span class='ocrx_word' id='word_1_285' title='bbox 1212 2986 1278 3024; x_wconf 92' lang='lat' dir='ltr'><strong>om·</strong></span> 
     </span>
     <span class='ocr_line' id='line_1_32' title="bbox 223 3050 1277 3122; baseline -0.006 -2"><span class='ocrx_word' id='word_1_286' title='bbox 223 3082 289 3122; x_wconf 90' lang='lat' dir='ltr'><strong>nes.</strong></span> <span class='ocrx_word' id='word_1_287' title='bbox 302 3050 485 3120; x_wconf 88' lang='lat' dir='ltr'><strong>Inveniendi</strong></span> <span class='ocrx_word' id='word_1_288' title='bbox 497 3074 570 3113; x_wconf 92' lang='lat' dir='ltr'><strong>vero</strong></span> <span class='ocrx_word' id='word_1_289' title='bbox 583 3068 614 3114; x_wconf 89' lang='lat' dir='ltr'><strong>et</strong></span> <span class='ocrx_word' id='word_1_290' title='bbox 627 3053 797 3113; x_wconf 89' lang='lat' dir='ltr'><strong>ordinandi</strong></span> <span class='ocrx_word' id='word_1_291' title='bbox 812 3053 981 3113; x_wconf 87' lang='lat' dir='ltr'><strong>artificium</strong></span> <span class='ocrx_word' id='word_1_292' title='bbox 994 3053 1128 3112; x_wconf 85' lang='lat' dir='ltr'><strong>omnino</strong></span> <span class='ocrx_word' id='word_1_293' title='bbox 1140 3054 1277 3114; x_wconf 91' lang='lat' dir='ltr'><strong>nullum.</strong></span> 
     </span>
    </p>

    <p class='ocr_par' dir='ltr' id='par_1_5' title="bbox 223 3141 1349 3584">
     <span class='ocr_line' id='line_1_33' title="bbox 224 3141 1349 3218; baseline -0.005 -8"><span class='ocrx_word' id='word_1_294' title='bbox 224 3149 283 3210; x_wconf 90' lang='lat' dir='ltr'><strong>Sed</strong></span> <span class='ocrx_word' id='word_1_295' title='bbox 297 3147 495 3207; x_wconf 85' lang='lat' dir='ltr'><strong>mirationem</strong></span> <span class='ocrx_word' id='word_1_296' title='bbox 508 3142 653 3203; x_wconf 89' lang='lat' dir='ltr'><strong>colorum</strong></span> <span class='ocrx_word' id='word_1_297' title='bbox 670 3142 823 3203; x_wconf 87' lang='lat' dir='ltr'><strong>claritates</strong></span> <span class='ocrx_word' id='word_1_298' title='bbox 840 3155 870 3202; x_wconf 90' lang='lat' dir='ltr'><strong>et</strong></span> <span class='ocrx_word' id='word_1_299' title='bbox 880 3142 1043 3200; x_wconf 88' lang='lat' dir='ltr'><strong>varietates</strong></span> <span class='ocrx_word' id='word_1_300' title='bbox 1054 3141 1159 3202; x_wconf 85' lang='lat' dir='ltr'><strong>facere</strong></span> <span class='ocrx_word' id='word_1_301' title='bbox 1171 3145 1278 3204; x_wconf 89' lang='lat' dir='ltr'><strong>viden·</strong></span> <span class='ocrx_word' id='word_1_302' title='bbox 1348 3213 1349 3218; x_wconf 7' lang='grc' dir='ltr'>ἵ</span> 
     </span>
     <span class='ocr_line' id='line_1_34' title="bbox 224 3229 1279 3312; baseline -0.004 -15"><span class='ocrx_word' id='word_1_303' title='bbox 224 3253 290 3312; x_wconf 83' lang='lat' dir='ltr'><strong>tnr3</strong></span> <span class='ocrx_word' id='word_1_304' title='bbox 312 3236 350 3296; x_wconf 82' lang='lat' dir='ltr'><strong>de</strong></span> <span class='ocrx_word' id='word_1_305' title='bbox 368 3236 523 3295; x_wconf 87' lang='lat' dir='ltr'><strong>linearum</strong></span> <span class='ocrx_word' id='word_1_306' title='bbox 546 3235 674 3292; x_wconf 78' lang='lat' dir='ltr'><strong>veritate</strong></span> <span class='ocrx_word' id='word_1_307' title='bbox 693 3232 873 3302; x_wconf 84' lang='lat' dir='ltr'><strong>etartifrcio</strong></span> <span class='ocrx_word' id='word_1_308' title='bbox 889 3229 1044 3312; x_wconf 86' lang='lat' dir='ltr'><strong>judicium</strong></span> <span class='ocrx_word' id='word_1_309' title='bbox 1062 3252 1100 3291; x_wconf 86' lang='lat' dir='ltr'><strong>ex</strong></span> <span class='ocrx_word' id='word_1_310' title='bbox 1116 3233 1279 3294; x_wconf 88' lang='lat' dir='ltr'><strong>Bartolina</strong></span> 
     </span>
     <span class='ocr_line' id='line_1_35' title="bbox 223 3322 1279 3408; baseline -0.005 -21"><span class='ocrx_word' id='word_1_311' title='bbox 223 3323 320 3408; x_wconf 84' lang='lat' dir='ltr'><strong>¹opera</strong></span> <span class='ocrx_word' id='word_1_312' title='bbox 330 3345 440 3406; x_wconf 89' lang='lat' dir='ltr'><strong>parum</strong></span> <span class='ocrx_word' id='word_1_313' title='bbox 450 3335 519 3384; x_wconf 89' lang='lat' dir='ltr'><strong>tuto</strong></span> <span class='ocrx_word' id='word_1_314' title='bbox 529 3322 610 3382; x_wconf 88' lang='lat' dir='ltr'><strong>forte</strong></span> <span class='ocrx_word' id='word_1_315' title='bbox 621 3323 779 3396; x_wconf 89' lang='lat' dir='ltr'><strong>instituas,</strong></span> <span class='ocrx_word' id='word_1_316' title='bbox 794 3342 891 3404; x_wconf 92' lang='lat' dir='ltr'><strong>quum</strong></span> <span class='ocrx_word' id='word_1_317' title='bbox 904 3324 935 3380; x_wconf 92' lang='lat' dir='ltr'><strong>in</strong></span> <span class='ocrx_word' id='word_1_318' title='bbox 947 3341 997 3396; x_wconf 90' lang='lat' dir='ltr'><strong>ea,</strong></span> <span class='ocrx_word' id='word_1_319' title='bbox 1012 3334 1162 3381; x_wconf 89' lang='lat' dir='ltr'><strong>monente</strong></span> <span class='ocrx_word' id='word_1_320' title='bbox 1177 3325 1279 3384; x_wconf 89' lang='lat' dir='ltr'><strong>Stuar·</strong></span> 
     </span>
     <span class='ocr_line' id='line_1_36' title="bbox 226 3409 1280 3494; baseline -0.006 -18"><span class='ocrx_word' id='word_1_321' title='bbox 226 3432 259 3476; x_wconf 90' lang='lat' dir='ltr'><strong>to</strong></span> <span class='ocrx_word' id='word_1_322' title='bbox 268 3415 324 3494; x_wconf 79' lang='lat' dir='ltr'><strong>(a),</strong></span> <span class='ocrx_word' id='word_1_323' title='bbox 334 3411 469 3472; x_wconf 91' lang='lat' dir='ltr'><strong>multum</strong></span> <span class='ocrx_word' id='word_1_324' title='bbox 482 3414 609 3494; x_wconf 91' lang='lat' dir='ltr'><strong>ingenio</strong></span> <span class='ocrx_word' id='word_1_325' title='bbox 622 3433 677 3472; x_wconf 91' lang='lat' dir='ltr'><strong>suo</strong></span> <span class='ocrx_word' id='word_1_326' title='bbox 688 3409 853 3471; x_wconf 88' lang='lat' dir='ltr'><strong>indulserit</strong></span> <span class='ocrx_word' id='word_1_327' title='bbox 864 3412 967 3470; x_wconf 89' lang='lat' dir='ltr'><strong>bonus</strong></span> <span class='ocrx_word' id='word_1_328' title='bbox 978 3410 1134 3470; x_wconf 89' lang='lat' dir='ltr'><strong>Bartolus.</strong></span> <span class='ocrx_word' id='word_1_329' title='bbox 1145 3413 1280 3473; x_wconf 88' lang='lat' dir='ltr'><strong>Possunt</strong></span> 
     </span>
     <span class='ocr_line' id='line_1_37' title="bbox 227 3499 1279 3584; baseline -0.004 -19"><span class='ocrx_word' id='word_1_330' title='bbox 227 3521 331 3565; x_wconf 90' lang='lat' dir='ltr'><strong>tamen</strong></span> <span class='ocrx_word' id='word_1_331' title='bbox 347 3499 396 3560; x_wconf 88' lang='lat' dir='ltr'><strong>vel</strong></span> <span class='ocrx_word' id='word_1_332' title='bbox 410 3502 454 3560; x_wconf 91' lang='lat' dir='ltr'><strong>sic</strong></span> <span class='ocrx_word' id='word_1_333' title='bbox 469 3502 624 3562; x_wconf 90' lang='lat' dir='ltr'><strong>nonnulla</strong></span> <span class='ocrx_word' id='word_1_334' title='bbox 638 3523 710 3562; x_wconf 92' lang='lat' dir='ltr'><strong>cum</strong></span> <span class='ocrx_word' id='word_1_335' title='bbox 721 3502 883 3584; x_wconf 90' lang='lat' dir='ltr'><strong>voluptate</strong></span> <span class='ocrx_word' id='word_1_336' title='bbox 897 3515 1014 3559; x_wconf 84' lang='lat' dir='ltr'><strong>etcum</strong></span> <span class='ocrx_word' id='word_1_337' title='bbox 1029 3499 1134 3580; x_wconf 75' lang='lat' dir='ltr'><strong>fructu</strong></span> <span class='ocrx_word' id='word_1_338' title='bbox 1149 3522 1187 3560; x_wconf 85' lang='lat' dir='ltr'><strong>ex</strong></span> <span class='ocrx_word' id='word_1_339' title='bbox 1202 3503 1279 3561; x_wconf 88' lang='lat' dir='ltr'><strong>anti-</strong></span> 
     </span>
    </p>
   </div>
   <div class='ocr_carea' id='block_1_4' title="bbox 228 3578 1279 3676">
    <p class='ocr_par' dir='ltr' id='par_1_6' title="bbox 228 3578 1279 3676">
     <span class='ocr_line' id='line_1_38' title="bbox 228 3578 1279 3676; baseline -0.004 -23"><span class='ocrx_word' id='word_1_340' title='bbox 228 3597 343 3676; x_wconf 89' lang='lat' dir='ltr'><strong>quitate</strong></span> <span class='ocrx_word' id='word_1_341' title='bbox 361 3612 466 3651; x_wconf 86' lang='lat' dir='ltr'><strong>rerum</strong></span> <span class='ocrx_word' id='word_1_342' title='bbox 485 3591 644 3675; x_wconf 88' lang='lat' dir='ltr'><strong>adspectui</strong></span> <span class='ocrx_word' id='word_1_343' title='bbox 665 3595 827 3674; x_wconf 92' lang='lat' dir='ltr'><strong>proponi:</strong></span> <span class='ocrx_word' id='word_1_344' title='bbox 848 3603 1019 3651; x_wconf 88' lang='lat' dir='ltr'><strong>occurrunt</strong></span> <span class='ocrx_word' id='word_1_345' title='bbox 1036 3578 1233 3672; x_wconf 88' lang='lat' dir='ltr'><strong>templorum</strong></span> <span class='ocrx_word' id='word_1_346' title='bbox 1252 3604 1279 3652; x_wconf 85' lang='lat' dir='ltr'><strong>et</strong></span> 
     </span>
    </p>
   </div>
   <div class='ocr_carea' id='block_1_5' title="bbox 226 3749 1349 4072">
    <p class='ocr_par' dir='ltr' id='par_1_7' title="bbox 226 3749 1349 4072">
     <span class='ocr_line' id='line_1_39' title="bbox 263 3749 1349 3826; baseline -0.001 -23"><span class='ocrx_word' id='word_1_347' title='bbox 263 3752 438 3822; x_wconf 83' lang='lat' dir='ltr'><strong>(1)Nouveau</strong></span> <span class='ocrx_word' id='word_1_348' title='bbox 456 3752 545 3802; x_wconf 71' lang='lat' dir='ltr'><strong>Traitd</strong></span> <span class='ocrx_word' id='word_1_349' title='bbox 554 3751 585 3802; x_wconf 85' lang='lat' dir='ltr'><strong>de</strong></span> <span class='ocrx_word' id='word_1_350' title='bbox 599 3751 808 3826; x_wconf 84' lang='lat' dir='ltr'><strong>Diplomatiquc,</strong></span> <span class='ocrx_word' id='word_1_351' title='bbox 821 3753 897 3802; x_wconf 87' lang='lat' dir='ltr'><strong>Tom.</strong></span> <span class='ocrx_word' id='word_1_352' title='bbox 910 3751 961 3815; x_wconf 90' lang='lat' dir='ltr'><strong>Ill,</strong></span> <span class='ocrx_word' id='word_1_353' title='bbox 975 3771 1003 3822; x_wconf 92' lang='lat' dir='ltr'><strong>p.</strong></span> <span class='ocrx_word' id='word_1_354' title='bbox 1018 3751 1066 3815; x_wconf 83' lang='lat'><strong>56,</strong></span> <span class='ocrx_word' id='word_1_355' title='bbox 1080 3749 1123 3818; x_wconf 86' lang='lat'><strong>57.</strong></span> <span class='ocrx_word' id='word_1_356' title='bbox 1348 3815 1349 3820; x_wconf 12' lang='lat'>¹</span> 
     </span>
     <span class='ocr_line' id='line_1_40' title="bbox 260 3830 1349 3940; baseline 0 -58"><span class='ocrx_word' id='word_1_357' title='bbox 260 3830 301 3902; x_wconf 80' lang='lat' dir='ltr'><strong>(a)</strong></span> <span class='ocrx_word' id='word_1_358' title='bbox 311 3830 469 3901; x_wconf 79' lang='lat' dir='ltr'><strong>Antiquities</strong></span> <span class='ocrx_word' id='word_1_359' title='bbox 485 3831 642 3903; x_wconf 79' lang='lat' dir='ltr'><strong>of&#39;Atlrcns,</strong></span> <span class='ocrx_word' id='word_1_360' title='bbox 660 3851 687 3902; x_wconf 89' lang='lat' dir='ltr'><strong>p.</strong></span> <span class='ocrx_word' id='word_1_361' title='bbox 703 3851 735 3904; x_wconf 78' lang='lat'><strong>29</strong></span> <span class='ocrx_word' id='word_1_362' title='bbox 748 3834 794 3904; x_wconf 87' lang='lat' dir='ltr'><strong>(c)</strong></span> <span class='ocrx_word' id='word_1_363' title='bbox 814 3835 938 3886; x_wconf 88' lang='lat' dir='ltr'><strong>Ceterum</strong></span> <span class='ocrx_word' id='word_1_364' title='bbox 953 3832 1087 3901; x_wconf 87' lang='lat' dir='ltr'><strong>picturam</strong></span> <span class='ocrx_word' id='word_1_365' title='bbox 1103 3833 1157 3883; x_wconf 91' lang='lat' dir='ltr'><strong>viri</strong></span> <span class='ocrx_word' id='word_1_366' title='bbox 1168 3833 1276 3902; x_wconf 85' lang='lat' dir='ltr'><strong>Trojani</strong></span> <span class='ocrx_word' id='word_1_367' title='bbox 1347 3835 1349 3940; x_wconf 52' lang='lat' dir='ltr'><strong>p</strong></span> 
     </span>
     <span class='ocr_line' id='line_1_41' title="bbox 226 3910 1349 3986; baseline -0.002 -20"><span class='ocrx_word' id='word_1_368' title='bbox 226 3914 331 3977; x_wconf 89' lang='lat' dir='ltr'><strong>amicti,</strong></span> <span class='ocrx_word' id='word_1_369' title='bbox 347 3910 477 3978; x_wconf 81' lang='lat' dir='ltr'><strong>sedentis,</strong></span> <span class='ocrx_word' id='word_1_370' title='bbox 493 3931 525 3964; x_wconf 84' lang='lat' dir='ltr'><strong>ex</strong></span> <span class='ocrx_word' id='word_1_371' title='bbox 535 3911 588 3964; x_wconf 93' lang='lat' dir='ltr'><strong>hoc</strong></span> <span class='ocrx_word' id='word_1_372' title='bbox 601 3912 694 3967; x_wconf 84' lang='lat' dir='ltr'><strong>codice</strong></span> <span class='ocrx_word' id='word_1_373' title='bbox 704 3915 810 3968; x_wconf 88' lang='lat' dir='ltr'><strong>laudari</strong></span> <span class='ocrx_word' id='word_1_374' title='bbox 822 3913 900 3966; x_wconf 88' lang='lat' dir='ltr'><strong>video</strong></span> <span class='ocrx_word' id='word_1_375' title='bbox 914 3933 928 3964; x_wconf 89' lang='lat' dir='ltr'><strong>a</strong></span> <span class='ocrx_word' id='word_1_376' title='bbox 940 3914 1066 3984; x_wconf 87' lang='lat' dir='ltr'><strong>Pignorio</strong></span> <span class='ocrx_word' id='word_1_377' title='bbox 1079 3913 1175 3986; x_wconf 85' lang='lat' dir='ltr'><strong>Origg.</strong></span> <span class='ocrx_word' id='word_1_378' title='bbox 1188 3917 1274 3967; x_wconf 84' lang='lat' dir='ltr'><strong>Patav.</strong></span> <span class='ocrx_word' id='word_1_379' title='bbox 1348 3947 1349 3978; x_wconf 70' lang='lat'>3</span> 
     </span>
     <span class='ocr_line' id='line_1_42' title="bbox 226 3983 1349 4072; baseline -0.004 -28"><span class='ocrx_word' id='word_1_380' title='bbox 226 4012 287 4064; x_wconf 82' lang='lat' dir='ltr'><strong>cap.</strong></span> <span class='ocrx_word' id='word_1_381' title='bbox 301 4008 346 4064; x_wconf 88' lang='lat'><strong>12,</strong></span> <span class='ocrx_word' id='word_1_382' title='bbox 355 4009 381 4062; x_wconf 88' lang='lat' dir='ltr'><strong>p.</strong></span> <span class='ocrx_word' id='word_1_383' title='bbox 393 3989 441 4058; x_wconf 88' lang='lat'><strong>68,</strong></span> <span class='ocrx_word' id='word_1_384' title='bbox 453 4009 531 4067; x_wconf 85' lang='lat' dir='ltr'><strong>quam</strong></span> <span class='ocrx_word' id='word_1_385' title='bbox 542 3993 569 4042; x_wconf 92' lang='lat' dir='ltr'><strong>in</strong></span> <span class='ocrx_word' id='word_1_386' title='bbox 582 3993 693 4072; x_wconf 59' lang='lat' dir='ltr'><strong>liettarii</strong></span> <span class='ocrx_word' id='word_1_387' title='bbox 703 4012 784 4066; x_wconf 89' lang='lat' dir='ltr'><strong>opere</strong></span> <span class='ocrx_word' id='word_1_388' title='bbox 797 4012 850 4045; x_wconf 91' lang='lat' dir='ltr'><strong>non</strong></span> <span class='ocrx_word' id='word_1_389' title='bbox 864 3993 977 4066; x_wconf 78' lang='lat' dir='ltr'><strong>reperio.</strong></span> <span class='ocrx_word' id='word_1_390' title='bbox 1277 4047 1280 4051; x_wconf 92' lang='lat'><em>.</em></span> <span class='ocrx_word' id='word_1_391' title='bbox 1320 4022 1328 4050; x_wconf 77' lang='grc'>,</span> <span class='ocrx_word' id='word_1_392' title='bbox 1348 3983 1349 3990; x_wconf 43' lang='grc'><strong>“</strong></span> 
     </span>
    </p>
   </div>
   <div class='ocr_carea' id='block_1_6' title="bbox 0 0 1388 4596">
    <p class='ocr_par' dir='ltr' id='par_1_8' title="bbox 0 0 1388 4596">
     <span class='ocr_line' id='line_1_43' title="bbox 0 0 1388 4596; baseline 0 0"><span class='ocrx_word' id='word_1_393' title='bbox 0 0 1388 4596; x_wconf 95' lang='lat' dir='ltr'><strong> </strong></span> 
     </span>
    </p>
   </div>
  </div>
 </body>
</html>
