2720 4588
236 321 299 388 236
564 326 946 392 COMMENTARIA

274 444 341 528 574.
356 445 548 508 Describitur
556 451 735 530 repentinus
747 450 882 530 impetus
892 447 1099 529 Trojanorum
1107 446 1283 510 convolan-

236 533 316 592 tium
329 550 438 596 coutra
453 536 561 597 urbem
577 537 615 598 ad
632 538 733 598 AEneae
747 536 888 618 jussum:
903 553 1051 620 pergunt,
1065 542 1163 598 immo
1175 537 1280 618 ferun-

236 632 296 695 tur,
316 626 390 704 qnia
404 628 450 686 sui
465 629 599 708 impotes
608 632 722 709 piperem
742 626 781 686 ad
798 648 905 688 muros
919 630 1040 688 cuneati
1058 640 1088 688 et
1104 624 1278 696 addensati,

235 730 302 768 non
318 711 420 773 solum
435 737 542 792 cursu,
559 715 612 776 sed
631 717 736 797 potius
749 718 856 776 animis
871 715 1059 789 certantibus,
1072 729 1108 775 ut
1123 711 1277 792 intelligas

235 800 510 880 praecipitantiam.

275 883 342 964 576.
360 887 443 948 Nihil
459 892 666 972 opportunius
680 889 720 950 ad
737 891 897 951 terrendos
917 893 1012 968 cives;
1027 893 1082 952 ubi
1094 891 1182 950 enim
1197 886 1281 946 subi-

234 981 302 1029 tum
315 975 449 1052 malum,
463 978 601 1055 formido
617 993 661 1040 cst
674 977 774 1060 major
787 1002 793 1038 :
806 1000 878 1061 ergo
889 982 1050 1061 repentina
1064 980 1185 1047 omnia,
1199 973 1281 1034 vide·
1343 1039 1344 1044 ἵ

233 1056 319 1136 licet,
333 1063 437 1140 scnlae,
451 1069 547 1149 igme,
560 1069 710 1130 discursio
721 1114 730 1144 ,
741 1068 852 1142 caedes,
863 1068 1025 1128 hastarum
1034 1070 1146 1142 tortio,
1157 1067 1281 1145 sagitta-

234 1165 304 1206 rum
318 1149 428 1212 imber.

274 1236 343 1317 579.
358 1241 475 1322 Purgat
489 1264 520 1304 se
533 1246 643 1306 AEneas
655 1245 694 1305 ab
707 1245 854 1318 tamdira
866 1265 994 1306 suorum
1008 1243 1187 1304 carnificina
1198 1252 1282 1316 ,ten-

236 1321 312 1384 dens
332 1328 503 1409 dexteram,
524 1336 671 1394 Latinum
688 1337 848 1409 incusans,
865 1335 1019 1395 obtestans
1034 1336 1115 1394 Deos
1136 1328 1283 1412 praesides

234 1409 379 1476 foederis:
396 1436 523 1501 purgat,
544 1425 694 1504 inquam,
709 1445 756 1500 se,
778 1424 862 1504 quod
877 1435 998 1484 coactus
1016 1424 1096 1484 sinat
1109 1418 1245 1480 exerceri
1264 1436 1284 1472 a

234 1503 296 1562 suis
310 1518 373 1566 tam
385 1507 486 1570 diram
499 1512 616 1573 caedem
631 1515 663 1572 in
681 1514 833 1579 Rutulos:
851 1539 865 1568 n
876 1513 1011 1572 nam-bis
1026 1506 1282 1572 facti'mihi-estis
1348 1576 1349 1592 ἶ

235 1587 352 1669 hostes,
367 1600 439 1678 quia
454 1601 502 1660 bis
514 1603 642 1683 rupistis
656 1603 784 1664 foedera.
800 1629 814 1660 s
830 1605 879 1663 Bis
896 1603 1016 1662 scilieet
1029 1602 1107 1659 inita
1121 1597 1208 1656 fuere
1221 1594 1282 1654 foe-

236 1676 308 1738 dera
328 1687 420 1745 semel
437 1687 492 1748 lib.
506 1688 575 1763 Vll,
592 1710 647 1770 per
660 1690 816 1751 Ilioneum
836 1691 1013 1771 principem
1032 1685 1212 1768 legationi53
1228 1683 1282 1741 ite·

237 1786 306 1824 rum
319 1770 351 1826 in
365 1770 425 1832 hoc
437 1773 528 1833 libro.

276 1854 343 1915 583.
363 1861 493 1920 Accessit
512 1862 551 1920 ad
570 1861 689 1920 malum
704 1862 788 1922 urbis
803 1865 920 1922 civium
939 1860 1113 1920 discordia:
1134 1880 1208 1920 nam
1227 1856 1279 1916 alii

237 1942 349 2003 volunt
359 1945 501 2027 Trojanis
520 1963 626 2030 portas
643 1951 776 2030 aperire,
791 1963 826 2010 ut
846 1964 942 2010 cesset
960 1951 1107 2010 acerrima
1123 1965 1282 2030 oppugna·

237 2031 297 2104 tio,
313 2031 503 2115 trahuntque
517 2038 632 2116 Regem
647 2037 809 2111 Latinum,
824 2037 933 2116 etjam
948 2035 1126 2111 nolentem,
1141 2035 1180 2094 ad
1198 2033 1281 2095 urbis

221 2145 224 2154 ·
239 2137 363 2194 muros,
377 2135 412 2180 ut
421 2125 459 2182 sit
470 2125 536 2206 ipse
547 2137 698 2206 spectator
711 2122 786 2183 dirae
797 2123 893 2183 cladis
903 2146 909 2182 :
921 2122 973 2183 alii
983 2137 1103 2198 contra,
1113 2136 1219 2204 portas
1230 2140 1281 2180 oc-

239 2205 386 2286 cludunt,
404 2225 432 2270 et
445 2209 532 2273 arma
547 2213 669 2289 ferunt,
682 2234 716 2272 ac
729 2211 902 2273 defendunt
914 2233 1035 2284 muros3
1050 2214 1147 2272 immo
1160 2221 1283 2293 perqunt

239 2291 402 2376 defendere,
413 2304 500 2381 qnasi
509 2302 639 2377 frustra,
650 2316 683 2361 ut
697 2303 752 2382 qni
766 2302 976 2382 nonpossint.
990 2299 1087 2374 lllud,
1101 2297 1219 2359 trahunt
1230 2301 1283 2358 m-

238 2403 302 2463 qem
317 2385 358 2444 ad
368 2393 488 2464 moenia,
503 2390 636 2472 explica,
647 2390 760 2450 volunt
771 2388 902 2449 trahere.

278 2476 345 2557 587.
368 2479 495 2560 Optima
514 2483 727 2562 comparatio:
750 2481 854 2540 solent
871 2478 1005 2538 mellarii
1022 2477 1154 2560 alvearia
1175 2497 1281 2537 amaro

236 2559 326 2620 fumo
341 2567 516 2646 explorare,
532 2588 665 2648 apesque
678 2570 882 2648 investigare:
897 2565 958 2626 illae
972 2579 1038 2625 tum
1059 2567 1097 2626 de
1112 2567 1204 2626 rebus
1222 2565 1282 2625 suis

240 2649 444 2728 trepidantes,
454 2668 483 2713 et
494 2655 593 2736 plenae
604 2657 721 2714 irarum
734 2654 914 2715 discurrunt
927 2674 982 2736 per
996 2655 1101 2728 cellas,
1113 2667 1143 2714 et
1151 2652 1283 2714 strident

239 2734 467 2800 vehementius:
481 2763 517 2801 ac
534 2745 612 2802 mira
627 2757 701 2802 tunc
719 2737 803 2803 intus
818 2757 861 2803 est
873 2742 1016 2802 confusio
1029 2764 1066 2801 ex
1078 2756 1157 2802 tetro
1170 2741 1282 2812 odore,

239 2841 275 2881 ex
289 2824 411 2888 bombis
424 2851 529 2911 apum.
538 2831 621 2891 Talis
634 2847 700 2892 erat
716 2833 800 2892 urbis
813 2832 938 2913 species,
952 2851 1026 2890 nam
1038 2833 1119 2890 cives
1129 2850 1284 2911 expugna·

239 2909 355 2972 bantur
367 2916 452 2998 igne,
467 2931 502 2977 ut
511 2940 584 3001 apes
600 2921 700 2980 solent
712 2918 778 3000 ejici
790 2920 879 2979 fumo
888 2941 924 2979 ex
936 2921 1074 2979 cavernis
1081 2921 1152 2979 suis.
1161 2920 1283 2998 Signate

239 3019 320 3062 cerea
337 3018 447 3080 castra,
461 3028 533 3066 nam
554 3011 750 3091 comparatio
766 3011 936 3069 assumitur
948 3007 988 3067 ad
1005 3029 1072 3068 rem
1086 3008 1263 3068 militarem.

274 3151 472 3223 587uInclusas
483 3169 604 3230 utquam
617 3159 739 3212 latebroso
784 3179 846 3212 nam
859 3174 885 3213 et
896 3161 1004 3214 Plautus
1017 3163 1054 3211 ita
1066 3157 1148 3224 dixit,
1160 3157 1224 3209 licet
1235 3159 1285 3209 Ca-

239 3231 267 3281 in
277 3236 382 3303 pumice
389 3249 484 3308 pastor.
496 3240 571 3290 Peene
581 3242 671 3292 omnia
681 3259 740 3291 ver·
783 3240 865 3292 tullus
874 3241 969 3293 dixerit
978 3241 1124 3292 foeminino.
1132 3237 1157 3289 S.
1162 3240 1216 3288 -A
1220 3236 1283 3308 poll.

238 3310 275 3362 ba
288 3319 496 3385 comparationis
509 3317 544 3370 ad
555 3318 740 3389 supradictum
783 3321 846 3392 Arg.
860 3322 893 3372 11.
906 3319 1040 3372 Plutarch.
1052 3321 1078 3369 in
1088 3319 1224 3388 Pompeio.

239 3393 375 3460 pertinent
385 3395 500 3448 bellum:
511 3417 574 3451 nam
582 3399 620 3450 ita
628 3417 691 3469 apes
699 3399 741 3449 in·
821 3401 880 3468 591.
900 3399 964 3450 Ater
979 3397 1049 3448 odor.
1070 3398 1145 3448 Nove
1155 3399 1242 3448 :uam
1258 3398 1284 3447 in

240 3469 320 3522 clusas
338 3468 412 3538 sunt,
429 3487 458 3524 ut
472 3474 593 3529 homines
609 3479 655 3548 qui
670 3475 740 3527 obsi·
785 3478 868 3531 odore
878 3480 937 3549 quis
945 3476 1144 3530 estcolorlsed
1151 3476 1204 3528 hoc
1212 3477 1285 3541 dicit,

240 3546 354 3601 dentur:
374 3553 412 3602 ita
424 3555 572 3622 civitatem,
590 3557 740 3609 timentium
785 3559 869 3610 odore
887 3572 950 3610 atra
966 3559 1020 3621 rei,
1037 3557 1066 3608 id
1078 3569 1131 3622 est,
1143 3559 1211 3608 fumi
1230 3571 1285 3610 nter

239 3627 356 3680 latebras
370 3630 577 3700 dicimus,siout
588 3656 669 3708 apum
679 3651 741 3689 sunt
786 3638 867 3704 odor,
890 3638 1039 3708 pessimus:
1065 3650 1108 3700 ut,
1134 3639 1285 3707 «fumoque

241 3706 377 3760 alvearia:
397 3711 460 3762 item
478 3727 571 3784 pastor
589 3730 619 3768 ut
636 3735 694 3782 rex,
714 3729 741 3768 et
786 3717 904 3788 implevit
916 3734 1039 3768 amaro.»
1054 3717 1283 3768 Sern-anns

240 3804 334 3839 revera
347 3803 440 3860 pastor
452 3806 504 3858 est,
520 3807 546 3846 et
558 3796 654 3849 ductor
669 3816 741 3850 exer·
785 3799 849 3850 Tria
862 3814 941 3846 nova
964 3797 1061 3848 simul:
1086 3819 1098 3842 a
1108 3798 1197 3848 fumus
1216 3815 1285 3848 ama·

241 3868 322 3932 citus,
344 3881 373 3918 ut
393 3871 523 3924 Homerus
546 3873 646 3942 ποιμίιοι
668 3877 739 3930 teir.
785 3893 869 3942 rues,
886 3875 971 3926 oculis
988 3875 1106 3927 scilicet:
1129 3894 1285 3926 «murmure

241 3945 375 3998 Pumicem
389 3954 743 4030 autemistemasculinoge·
786 3973 894 4020 ceco»,
916 3956 980 4024 quia
993 3954 1089 4007 clausae
1102 3973 1183 4025 apes:
1207 3968 1286 4006 «ater
1316 3987 1318 3990 -

239 4044 304 4079 nete
322 4030 429 4098 posuit:
450 4044 477 4084 et
497 4032 569 4086 hune
589 4038 740 4107 sequimur:
787 4035 854 4087 odor
864 4059 892 4104 s,
905 4035 968 4106 quia
977 4037 1005 4087 in
1015 4037 1089 4086 fumo
1101 4033 1177 4086 odor.
1190 4035 1286 4107 Scaliq.
