2726 4592
263 312 325 378 ,290
574 286 670 348 rra.
696 286 766 348 cu.
790 285 981 350 oourrr

259 411 320 472 hoc
333 423 391 483 est,
405 423 435 468 et
445 412 514 490 onte
528 429 611 488 opus,
625 424 653 466 et
668 411 699 467 in
714 411 774 490 ipso
790 429 880 490 opere.
894 410 971 468 Ante
983 430 1074 490 opus,
1088 411 1200 486 titulus,
1214 434 1296 474 cous·

259 525 306 577 sa,
324 501 461 560 intentio:
479 497 602 570 titulus,
617 499 650 554 in
667 518 729 576 quo
743 500 907 577 quaeritur,
922 495 1008 578 cujus
1023 500 1080 576 sit:
1098 522 1219 576 caussa,
1237 523 1296 560 un·

259 589 297 648 de
317 602 418 646 ortum
438 587 491 660 sit,
511 598 540 644 et
559 607 652 666 quare
671 583 732 642 hof·
750 587 947 666 potissimum
967 587 1024 646 sibi
1039 587 1077 646 ad
1098 589 1297 648 scribendum

259 689 350 758 poeta
362 673 582 755 praesumserit:
592 673 741 746 intentio,
752 675 785 732 in
797 695 858 752 qua
870 677 1078 754 cognoscitur,
1088 677 1161 756 quid
1175 675 1297 752 efficere
1337 671 1348 756 l

208 772 237 822 81
259 777 386 824 conetur
400 775 501 842 poeta.
524 761 559 818 ln
574 761 641 840 ipso
659 780 753 840 opere
772 781 846 818 sane
864 764 923 820 tria
942 776 1129 842 spectantur,
1145 783 1296 832 numerus,
1347 761 1348 842 l

257 853 340 924 ordo,
354 849 539 934 explanatio:
552 851 693 928 quamvis
706 851 801 928 igitur
812 847 910 910 multa
922 843 1095 932 ψευδογράφῆ,
1109 853 1141 912 id
1151 850 1297 927 est,falsa
1347 861 1348 910 l

257 943 473 1022 inscriptione,
492 936 549 998 sub
572 938 675 997 alieno
698 939 825 997 nomine
847 952 918 998 sunt
938 940 1074 1018 prolata,
1091 957 1127 1000 ut
1148 941 1297 1022 Thyestes
1347 911 1348 972 l

258 1023 409 1110 tragoedia
425 1023 517 1105 hujus
534 1039 649 1106 poetae,
669 1026 886 1106 quarnVarius
907 1025 1005 1084 edidit
1025 1049 1082 1107 pro
1101 1050 1170 1103 sun,
1191 1041 1221 1086 et
1237 1026 1300 1086 alia

256 1115 485 1199 hujuscemodi3
507 1128 611 1172 tamen
632 1112 772 1172 Bucolico
789 1112 911 1192 liquido
931 1116 1053 1194 Virgilii
1075 1138 1139 1178 esse
1163 1117 1298 1177 minime
1347 1109 1348 1150 ³

256 1201 460 1265 dubitandum
475 1215 539 1258 est:
559 1201 726 1280 praesertim
742 1219 837 1278 quum
852 1201 916 1280 ipse
937 1213 1045 1279 poeta,
1061 1215 1222 1284 tamquam
1239 1199 1299 1260 hoc

256 1307 414 1364 metuens,
428 1287 619 1370 principium
638 1283 729 1362 hujus
748 1287 850 1365 operis
872 1299 901 1344 et
917 1286 950 1343 in
971 1287 1128 1368 principio
1148 1289 1299 1348 AEneidos

257 1383 332 1460 etin
348 1379 409 1438 alio
426 1377 561 1436 carmine
576 1393 666 1432 suurn
681 1393 745 1432 esse
759 1387 885 1433 testatus
897 1374 950 1448 sit,
966 1373 1086 1448 diceus;

362 1495 410 1545 Ille
423 1511 485 1562 ego,
498 1493 543 1561 qui
556 1489 691 1560 quondam
702 1491 795 1558 gracili
807 1490 959 1542 modulatus
972 1509 1068 1558 avena,

255 1615 285 1660 et
299 1599 417 1680 reliqua
431 1619 437 1654 ε
452 1609 495 1671 et,

361 1705 484 1756 Carmina
496 1705 541 1772 qui
554 1703 603 1752 lusi
616 1715 767 1772 pastorum,
781 1702 920 1773 audaxque
929 1705 1052 1772 juventa,

358 1785 462 1854 Tityre,
476 1796 501 1834 te
513 1783 609 1852 patulae
621 1784 705 1832 cecini
717 1782 891 1853 subtegmine
903 1785 966 1854 fagi.

203 1905 235 1956 82
254 1889 394 1952 Bucolica
411 1903 513 1946 autem
529 1903 558 1946 et
567 1888 626 1947 dici
637 1935 645 1964 ,
658 1903 687 1946 et
699 1903 779 1948 recte
792 1889 957 1971 appellari,
970 1889 1018 1949 vel
1032 1889 1093 1950 hoc
1103 1886 1297 1950 solumindi·

255 1983 338 2038 cium
357 1977 528 2051 suffecerit,
545 1977 627 2058 quod
648 1977 707 2036 hoc
722 1979 828 2037 eodem
849 1981 978 2038 nomine
997 1979 1079 2061 apud
1093 1978 1298 2038 Theocritum
1347 2009 1348 2050 j

252 2081 423 2127 censeatur.
442 2067 559 2124 Verum
577 2069 650 2126 ratio
665 2089 790 2148 quoque
809 2067 1049 2128 demonstranda
1064 2083 1125 2127 cst:
1144 2068 1205 2127 tria
1224 2079 1298 2125 sunt
1347 2073 1348 2114 t

251 2169 411 2236 pastorum
427 2173 552 2232 genera,
568 2175 636 2234 quae
648 2153 831 2234 dignitatem
850 2157 884 2214 in
898 2156 1048 2214 Bucolicis
1061 2154 1176 2213 habent
1192 2176 1198 2210 ι
1218 2174 1297 2231 quo-

253 2265 324 2304 rum
337 2245 390 2324 qui
405 2245 530 2304 minimi
545 2258 629 2317 sunt,
646 2249 748 2304 αἰπόλοι
763 2243 909 2304 dicuntur
923 2267 939 2304 a
955 2247 1081 2316 Graecis3
1097 2243 1193 2302 iidem
1206 2264 1223 2301 a
1238 2262 1296 2300 no·
1347 2257 1348 2262 ’

254 2335 302 2394 bis
316 2334 449 2414 caprarii
464 2357 470 2391 :
486 2329 836 2412 paullo'honoratiores,
852 2339 905 2416 qui
919 2341 1046 2414 ποιμένες,
1061 2333 1093 2393 id
1105 2347 1162 2406 est,
1182 2330 1297 2412 opilio-

254 2443 308 2480 nes
320 2421 466 2479 dicuntur
475 2443 481 2477 :
491 2418 753 2496 honestissimi,et
762 2423 902 2496 maximi,
911 2427 1046 2502 βουκόλοι,
1055 2417 1296 2501 quosbubulc'os

254 2509 402 2566 dicimus:
418 2505 503 2564 unde
517 2509 612 2586 igitur
628 2511 726 2587 magis
746 2507 855 2568 debuit
871 2508 1019 2589 pastorali
1033 2508 1162 2566 carmini
1178 2525 1295 2564 nomen

254 2596 390 2674 imponi,
412 2614 505 2671 quam
525 2595 563 2651 ab
585 2615 621 2652 eo
644 2595 756 2674 gradu,
771 2598 824 2674 qtri
841 2595 923 2676 apud
943 2608 1082 2674 pastores
1104 2591 1296 2653 excellentis-

202 2686 235 2739 83
254 2683 349 2740 simus
368 2679 545 2738 invenitur?
566 2682 672 2753 Caussa
694 2681 856 2762 dupliciter
875 2683 983 2763 inspici
1004 2681 1102 2754 solet:
1123 2679 1162 2738 ab
1182 2679 1295 2758 oriqine

254 2769 413 2841 carminis,
426 2782 455 2826 et
469 2790 485 2827 a
500 2767 648 2830 voluntate
660 2771 830 2830 scribentis.

202 2864 236 2930 84
293 2859 372 2917 XXI.
388 2859 535 2938 Oriqinem
550 2873 653 2918 autem
665 2861 804 2920 Bucolici
816 2861 961 2920 carminis
979 2859 1032 2918 alii
1050 2857 1087 2916 ad
1102 2855 1197 2916 aliam
1210 2874 1295 2915 caus·
1347 2867 1348 2922 j

252 3031 350 3080 rationi
360 3026 393 3078 de
402 3027 581 3096 vitasubjecta
590 3040 660 3093 sunt,
667 3047 749 3098 quum
793 3031 869 3080 λικῶν.
882 3029 1039 3081 Obtinuerat
1050 3045 1127 3090 usus,
1146 3037 1176 3076 ut
1188 3018 1294 3086 βουκόλοι
1347 3037 1348 3062 t

252 3109 287 3158 ad
299 3108 355 3158 sola
365 3097 490 3158 Bucolica
501 3107 658 3175 respiciant,
669 3119 749 3176 atque
795 3111 888 3162 eodem
901 3110 995 3176 modo,
1009 3127 1061 3180 quo
1075 3104 1190 3171 ποιμένος,
1209 3105 1293 3154 omni-

251 3185 293 3236 lris
314 3187 403 3255 potius
424 3181 582 3256 praefigenda
603 3186 664 3235 sint.
684 3185 749 3236 Sunt
793 3188 871 3240 node
880 3207 1040 3260 quocunque
1049 3199 1187 3258 pastorum
1196 3200 1294 3254 genere

251 3283 314 3316 vero
324 3267 571 3338 eapitacomparata,
579 3277 749 3338 utnonmag·
795 3269 958 3332 dicerentur,
978 3281 1060 3336 utque
1077 3264 1145 3316 adeo
1161 3257 1294 3324 βουκολικὸν

251 3361 315 3392 num
327 3342 389 3392 inde
400 3343 516 3392 fructum
526 3361 621 3413 capere
630 3347 723 3415 possis.
794 3346 949 3416 simpliciter
961 3357 1029 3396 esset
1038 3343 1214 3415 pastoritium.
1224 3339 1293 3390 Mul·
1347 3409 1348 3412 Ἴ

271 3475 273 3480 ,
289 3421 310 3490 §.
325 3423 365 3472 81.
380 3422 531 3488 “Ptolomaei
545 3425 625 3472 immo
637 3424 749 3487 ,twtsm-
794 3439 820 3476 ta
830 3439 917 3478 tamen
929 3445 959 3478 cx
971 3425 1021 3478 hac
1034 3417 1195 3494 etymologia
1205 3420 1293 3470 suavi-

252 3503 335 3568 ypati.
348 3499 387 3550 De
403 3499 510 3569 Thyeste
518 3521 543 3552 v.
558 3520 615 3572 sup.
629 3503 662 3552 ad
673 3503 694 3574 §
706 3503 747 3554 30.
794 3518 834 3555 ter
846 3505 954 3556 eliciunt
966 3506 1122 3574 scriptores,
1136 3501 1182 3569 qui
1195 3499 1228 3550 de
1241 3499 1291 3548 bu·
1347 3551 1348 3570 ἢ

289 3579 368 3648 §.Sa
388 3579 472 3646 Quam
490 3582 521 3630 alr
541 3600 569 3632 eo
586 3581 683 3652 produ,
704 3582 750 3653 qui
794 3583 879 3634 colico
891 3587 1177 3654 earmineegeruntw.
1190 3598 1212 3629 c.
1225 3579 1292 3647 Qua·
1347 3575 1348 3588 ¹

252 3659 324 3728 apud
332 3659 751 3728 pastorcsexcellentt'ssimusinve-
793 3663 862 3724 drt'o,
875 3661 1003 3713 verbosus
1014 3660 1109 3725 homo,
1123 3656 1194 3708 della
1206 3655 1292 3708 Storia
1347 3685 1348 3692 κ

252 3737 330 3786 nitur.
339 3738 461 3805 Ineptum
470 3751 507 3787 est
516 3737 576 3802 hoc,
588 3758 749 3810 quamquam
793 3761 806 3792 e
816 3742 884 3793 della
894 3745 1008 3815 Rapione
1017 3740 1041 3792 d'
1050 3741 1111 3812 oqni
1118 3739 1219 3801 Poesia,
1228 3734 1289 3787 Vol.
1347 3763 1348 3766 =

253 3814 326 3882 apud
351 3817 551 3868 Grammaticos
568 3820 668 3886 passim
698 3820 748 3869 ob·
792 3823 976 3891 Il,pag.lioo.
1347 3821 1348 3824 ¹

252 3894 333 3959 vium,
346 3895 425 3945 etiam
433 3893 547 3960 Graecos,
556 3907 584 3944 ut
594 3909 655 3947 ante
662 3897 748 3948 Theo·
828 3898 848 3968 §.
856 3900 898 3965 84.
908 3892 1292 3972 OripinentrvidequamEclo·
1347 3949 1348 3952 Ἴ

252 3973 360 4040 critum,
374 3975 416 4026 in:
431 3970 480 4042 rapi
492 3973 598 4041 dispessis
608 3976 653 4030 τῶν
664 3977 746 4037 statut
791 3979 830 4047 gis
838 3973 1293 4048 premisimusdegenerehucolic·
1347 3977 1348 3998 l
