2726 4592
192 231 1019 340 'naeunicavinculanomscermmo.
1073 279 1133 348 335

267 375 332 428 Mox
342 387 432 447 crepta
442 380 598 448 generosior
607 383 733 452 juventa,

266 454 351 508 Albos
364 456 468 510 ossibus
480 460 554 512 Italis
565 461 719 534 Philippos,

265 535 299 586 Et
311 535 465 590 Pharsalica
475 538 548 592 bella
560 539 743 598 damnabis...

266 615 329 666 Haec
340 619 428 688 primo
437 621 543 688 juvenis
555 641 635 675 canes
648 625 698 680 sub
710 645 781 694 aevo,

264 692 333 747 Ante
346 714 431 750 annos
444 699 541 752 Culicis
553 704 715 757 Maroniani.

81 809 236 891 Virgilius
248 815 282 875 in
294 819 414 899 Sileno,
426 825 490 884 sive
501 825 618 909 Ecloga
631 840 730 906 sexta3

192 947 281 1002 Prima
292 949 431 1026 Syracosio
444 957 552 1031 dignata
564 951 604 1012 est
614 962 707 1016 ludere
720 983 801 1016 versu

190 1027 305 1099 Nostra,
317 1055 405 1108 neque
419 1039 525 1092 erubuit
537 1041 622 1114 sylvas
633 1044 757 1098 habitare
770 1045 876 1100 Thalia.

193 1110 284 1176 Quum
296 1133 422 1170 canerem
433 1139 508 1194 reges
521 1135 547 1174 et
558 1124 664 1194 praelia,
677 1125 805 1198 Cynthius
818 1148 908 1182 aurem

190 1189 286 1260 vellit,
299 1210 326 1248 et
338 1199 494 1254 admonuit:
507 1217 656 1276 pastorem,
669 1209 772 1280 Tityre,
784 1211 898 1282 pingues

190 1267 302 1326 Parcere
315 1292 423 1348 oportet
433 1300 509 1346 oves3
523 1283 668 1338 deductum
680 1287 770 1341 dicere
782 1309 898 1344 carmen,

190 1350 269 1406 Nunc
281 1373 330 1429 ego
343 1359 354 1430 (
361 1379 477 1434 namque
489 1377 570 1436 super
582 1368 630 1419 tibi
643 1382 734 1436 erunt,
748 1373 794 1442 qui
805 1371 895 1426 dicere
907 1374 1016 1442 laudes,

190 1429 274 1501 Vare,
287 1451 346 1491 tuas
360 1445 483 1514 cupiant,
496 1459 522 1496 et
534 1449 620 1498 tristia
633 1447 749 1501 condere
761 1451 852 1522 bella)

187 1509 328 1583 Agrestem
341 1525 414 1573 tenui
425 1523 578 1576 meditabor
590 1527 721 1580 arundine
731 1547 843 1581 musam.

78 1627 193 1692 Tribus
206 1631 290 1700 hisce
302 1639 380 1704 locis
395 1647 555 1730 pauloest
570 1651 752 1734 diligentior
767 1620 943 1718 adhibenda
959 1660 1132 1722 considera·

81 1719 142 1794 tio;
163 1739 328 1806 propterea
352 1737 437 1818 quod
460 1738 567 1800 lumen
588 1757 700 1804 mutuo
722 1744 892 1822 foenerant,
913 1763 942 1808 et
963 1770 1029 1810 rem
1051 1749 1133 1812 hanc

80 1817 183 1868 totam
197 1821 376 1898 continent,
393 1837 485 1904 atque
499 1828 655 1890 decidunt.

119 1897 192 1958 Jam
206 1899 267 1962 hoc
281 1908 420 1986 primum
436 1911 610 1995 intelligere
625 1932 686 1992 est,
705 1919 890 2002 Virgilium,
912 1937 1080 2004 antequam
1093 1925 1133 1989 ad

79 1985 239 2065 Bucolica,
252 2013 417 2057 revocante
431 2001 538 2080 genic,
553 2025 584 2063 se
598 2005 767 2082 conferret,
783 2009 815 2065 id
831 2031 1010 2092 aggressum
1022 2007 1132 2089 fuisse,

77 2087 115 2132 ut
127 2096 174 2134 res
187 2095 287 2156 gestas
302 2103 409 2164 regum
422 2101 452 2146 et
464 2088 546 2148 bella
558 2094 696 2154 carmine
709 2092 917 2154 describeret:
929 2111 960 2156 et
970 2095 1132 2160 inchoave-

78 2175 128 2220 rat
142 2184 217 2224 sane
229 2187 278 2226 res
288 2171 458 2255 Romanas,
470 2177 611 2258 exemplo
625 2179 757 2238 fortasse
768 2181 871 2240 Ennii.
883 2181 939 2242 Sed
949 2183 1014 2264 jam
1025 2201 1131 2261 antea,

79 2265 110 2312 et
123 2254 308 2338 priusquam
322 2261 362 2320 ad
377 2284 426 2323 eas
440 2268 582 2326 animum
598 2267 782 2350 appelleret,
798 2271 953 2352 pastorale
968 2274 1132 2356 quidpiam

79 2341 220 2405 carmine
238 2343 361 2408 luserat.
381 2351 459 2426 Quae
473 2355 631 2414 animalia
645 2357 726 2415 ratio
747 2369 806 2431 cst,
826 2379 881 2418 cur
898 2373 970 2418 ante
985 2360 1131 2424 Bucolica

77 2439 224 2505 pastorem
238 2431 305 2512 ipse
319 2455 350 2494 se
365 2437 524 2498 nominet?
543 2441 628 2520 Quid
642 2463 737 2522 porro
751 2442 830 2502 illud
844 2458 887 2504 est
901 2447 1066 2528 pastoralis
1081 2469 1131 2506 ar-

79 2523 239 2596 gumenti,
252 2523 336 2603 quod
351 2548 442 2588 versu
454 2531 674 2590 exornaverat?
686 2545 767 2591 certe
780 2532 891 2610 Culex,
905 2555 968 2615 quo
979 2535 1048 2594 aliis
1060 2557 1131 2618 ope-

77 2607 167 2670 ribus
180 2610 333 2692 praelusit.
353 2616 439 2692 Quin
454 2619 561 2680 exilio
579 2624 671 2703 Tityri
686 2625 829 2698 nomine,
849 2645 956 2705 quase
970 2624 1034 2684 illic
1048 2627 1131 2686 indi·

77 2700 170 2776 gitat,
187 2701 299 2784 colligi
310 2704 397 2767 haud
411 2710 546 2770 absurde
554 2711 674 2792 potest,
695 2715 728 2772 in
744 2714 849 2775 Colice
862 2731 1020 2798 pastorem
1037 2716 1130 2778 fuisse

78 2788 237 2870 Tityrum.
596 2879 598 2882 ι
1058 2859 1065 2868 ,

119 2879 257 2958 Deinde,
270 2887 411 2965 quodait
423 2889 536 2950 Statius
548 2893 697 2974 scriptam
711 2913 775 2952 esse
787 2892 982 2956 Pharsaliam
997 2909 1065 2954 arete
1078 2917 1130 2956 αη-

77 2985 133 3028 nos
155 2965 263 3030 Culicis
279 2977 469 3052 Maioriani,
489 3001 525 3040 eo
543 3001 644 3041 annus
662 2981 819 3042 indicatur
835 2983 1017 3063 Virgilianae
1031 2986 1130 3044 aetatis

74 3056 208 3136 quintus
219 3064 352 3126 omniuo
365 3089 400 3128 ac
413 3070 593 3131 vicesimus:
609 3073 651 3131 sic
666 3074 751 3132 enim
764 3075 900 3132 rationes
913 3072 1071 3148 subduco;
1086 3077 1144 3134 vi-'

76 3158 144 3206 tam
163 3147 351 3234 abrumpere
370 3169 497 3217 coactus
514 3173 559 3218 est
579 3163 723 3222 Lucanus
742 3162 843 3244 pridie
863 3162 994 3221 Kalend.
1014 3161 1129 3241 Maias,

76 3235 181 3296 Attico
195 3239 339 3318 Vestino,
352 3258 382 3304 et
393 3247 494 3306 Nerva
509 3247 637 3328 Syllano
650 3251 734 3310 Coss.
748 3271 831 3310 anno
844 3252 881 3309 U.
897 3252 931 3310 C.
947 3251 1015 3332 817.
1031 3253 1130 3312 Natus

75 3338 144 3384 erat
164 3325 217 3387 111.
242 3331 325 3391 Non.
346 3334 497 3396 Novemh.
522 3339 560 3405 G,
579 3339 696 3400 Caesare
717 3343 855 3421 Augusto
880 3341 1067 3400 Germanico
1089 3342 1128 3402 ll.

76 3414 112 3472 L.
129 3414 272 3477 Gaesiano
291 3419 315 3478 1.
337 3420 422 3482 Coss.
442 3445 526 3486 anno
546 3426 582 3484 U.
598 3429 632 3486 C.
649 3449 717 3509 79¹·
736 3433 863 3488 Annum
880 3429 982 3508 igitur
995 3429 1128 3488 vivendo

75 3504 256 3584 expleverat
268 3509 361 3587 XXV,
376 3526 407 3571 et-
417 3515 515 3574 XXVI
528 3514 657 3596 agebat,
670 3539 735 3576 non
748 3519 876 3592 XXVII,
891 3531 926 3577 ut
940 3519 973 3578 iu
986 3516 1052 3597 ejus
1065 3521 1129 3577 vita

74 3613 112 3652 ex
134 3597 355 3677 antiquissimo
375 3603 528 3686 descripta
548 3607 773 3664 commentario
794 3606 936 3688 legimus.
959 3607 1041 3668 Illud
1063 3629 1130 3668 non

77 3686 177 3764 addo,
199 3691 286 3770 quod
304 3694 361 3751 etsi
382 3713 476 3768 verae,
497 3707 602 3756 tamen
622 3697 752 3754 minutae
772 3717 807 3754 ac
823 3717 937 3777 parum
953 3700 1129 3796 necessariae

76 3777 178 3840 videri
191 3782 417 3842 observationis
429 3785 546 3864 possit:
562 3786 644 3844 inter
656 3783 822 3845 molimina
835 3787 1013 3849 Pisoniana
1022 3807 1129 3866 conju-

76 3871 223 3943 rationis,
235 3873 287 3930 cui
299 3891 330 3929 eo
344 3871 559 3951 implicuerat,
572 3893 753 3954 supremum
769 3875 826 3954 ipsi
841 3895 959 3938 annum
971 3875 1022 3932 vix
1034 3874 1128 3934 fuisse

78 3966 116 4025 ad
131 3957 296 4022 scribenda
307 3959 446 4018 carmina
458 3960 604 4021 liberum.
