2742 4596
529 313 738 381 LAUDES
1092 319 1159 408 379

109 435 167 500 lib.
189 437 203 498 Ι
230 439 322 500 Civis.
343 449 428 519 pocta
448 457 588 518 macnus,
608 441 797 520 omniumque
817 439 1051 522 praeclarissimus
1072 457 1158 548 atque

111 534 256 612 optimus:
281 530 359 589 etin
373 525 456 586 libro
473 528 525 604 IV,
542 540 627 609 poeto
638 527 840 590 nobilissimus.
864 533 1031 610 Ovidium,
1046 535 1099 614 qui
1116 531 1161 592 ait

112 619 157 677 ΙΙΙ
179 619 217 678 de
236 621 328 678 Pont
349 617 397 676 ΕΙ.
418 617 470 692 lV,
484 637 598 677 cumino
614 617 753 678 AEucidos
774 621 842 678 uoti.
865 620 1078 696 Macrobium,
1105 620 1161 702 qui

110 721 204 766 vocat
217 705 427 776 doctissimum,
439 707 658 806 peritissimum,
669 706 896 766 scientissimum
909 708 1161 810 Quintilianum,

111 817 168 874 qur
159 795 237 854 lib.
253 797 276 855 Ι.
292 795 406 856 Auctor
419 795 669 854 eminentissimus.
685 792 856 854 Eusebium
867 798 1044 858 Gaesariens.
1058 799 1113 880 qui
1128 798 1161 854 in

110 885 177 942 vita
188 883 387 943 Constantini
402 885 610 983 ἐξῗχῶτατον
578 906 628 940 των
645 879 814 942 κατ’ἰταλίαν
829 892 959 962 ποιητῶν,
975 899 1005 945 et
1016 893 1161 964 σοφώτατον

110 977 238 1036 notaris:
256 972 573 1054 «praestantissimum
586 982 751 1052 poetarum
765 973 881 1044 ltaliae·
898 977 1163 1056 sapientissimum

110 1076 249 1142 poetam.
261 1087 274 1116 n
290 1058 426 1140 Objicies
439 1082 446 1117 ι
460 1079 566 1120 nonne
579 1061 636 1120 ista
649 1059 801 1142 loquendi
814 1061 939 1122 forma'
931 1085 964 1122 1n
979 1065 1070 1124 Latio
1084 1085 1164 1124 com·

111 1152 309 1232 parationem
322 1151 415 1209 etiarn
430 1147 566 1228 indicat?
579 1152 665 1226 Non,
677 1153 787 1210 Lector
793 1173 803 1225 5
818 1153 869 1210 sed
883 1155 1012 1233 quaestio
1026 1156 1086 1214 ista
1096 1156 1164 1222 Sca·

110 1241 245 1322 ligerum
264 1238 397 1322 appellet
411 1239 445 1298 in
459 1237 728 1320 Theophrastum,
743 1253 772 1300 et
787 1241 894 1304 doctos
908 1242 999 1320 alios,
1018 1247 1074 1325 qni
1093 1264 1164 1304 vere

113 1331 267 1403 sentiunt,
283 1340 392 1401 contra
406 1326 549 1408 vulgares
564 1327 791 1391 Grammaticos
804 1351 871 1389 non
885 1330 990 1392 induci
1004 1351 1164 1412 compara·

112 1418 234 1476 tionem
248 1416 347 1498 gradu
360 1413 570 1497 superlativo,
585 1417 689 1476 solum
699 1417 832 1478 indicari
843 1420 1045 1479 eminentiam
1058 1439 1165 1500 quam-

21 1521 27 1534 ·
114 1507 204 1582 dam,
220 1521 304 1566 extra
319 1527 447 1566 omnem
462 1508 739 1586 comparationem.
753 1509 851 1568 Porro
866 1509 905 1568 ab
920 1495 1086 1590 hacsnpra
1100 1528 1166 1568 om·

112 1615 167 1653 nes
181 1593 375 1740 repellentia,
367 1594 524 1670 ,Martial
535 1591 591 1654 ΙΙΙ)
603 1595 784 1676 x1V‚Epig
802 1597 892 1672 18(ss
882 1612 1055 1658 immensum
1069 1597 1166 1656 Maro

112 1703 180 1741 nem
218 1683 274 1740 ixit

502 1916 703 1993 CAPUT
731 1917 781 1992 V.
853 2009 857 2013 ¹

285 2093 459 2154 ancon
479 2093 681 2153 ronanus
703 2073 996 2157 urrunnun.

153 2254 320 2315 Hacrauus
334 2255 419 2315 dicta
434 2267 507 2314 sunt
520 2265 657 2336 quatuor
671 2246 785 2336 genera
799 2256 1025 2315 encomiornm.
1041 2257 1164 2332 Primo,

112 2345 154 2405 de
166 2345 263 2406 natali
275 2345 432 2404 Maronis:
444 2343 572 2418 deinde,
586 2341 739 2419 debonis,
752 2342 900 2418 honesto,
912 2345 995 2420 utili,
1004 2343 1164 2426 jucundo:

115 2440 226 2511 tertio,
241 2436 279 2495 de
294 2439 385 2499 variis
398 2437 535 2510 artibus,
551 2435 663 2516 quibus
675 2433 799 2494 floruit:
815 2448 944 2515 quarto,
957 2435 995 2495 de
1009 2457 1168 2516 compara·

113 2529 202 2586 tione
215 2526 301 2588 illius
311 2547 382 2588 cum
392 2527 509 2586 Graecis
518 2539 549 2585 et
559 2527 694 2586 Latinis:
708 2545 873 2606 persequar
880 2523 946 2606 jam
957 2528 1086 2585 virtutes
1098 2546 1167 2607 poe·

116 2638 184 2678 scos
200 2617 302 2692 illius,
315 2639 391 2699 quas
405 2637 524 2699 sparsas
538 2617 572 2676 in
586 2615 765 2676 auctoribus
782 2617 892 2697 reperi.
906 2617 1026 2698 Incipio
1040 2617 1078 2676 ab
1094 2615 1166 2674 imi·

117 2708 246 2766 tatione.

157 2795 231 2853 Fuit
241 2796 389 2877 Virgilius
403 2797 542 2878 egregius
555 2795 716 2854 lurraroa.
730 2793 907 2853 Macrobius
919 2793 974 2854 lib.
985 2795 1037 2854 Vl.
1053 2817 1067 2850 u
1076 2791 1166 2852 tudi-

116 2885 166 2943 cio
182 2883 406 2961 transferendi,
426 2898 456 2946 et
474 2884 571 2945 modo
590 2882 735 2943 imitandi
749 2894 929 2942 consecutus
947 2893 1009 2956 est,
1028 2891 1063 2939 ut
1081 2878 1167 2960 quod

117 2971 203 3054 apud
216 2973 308 3032 illum
319 2931 450 3058 legiriius
463 2975 617 3050 alianum,
631 2985 685 3037 aut
694 2971 776 3032 illius
789 2991 854 3032 esse
866 2971 1028 3044 malimus,
1042 2981 1097 3028 auc
1109 2987 1170 3026 me·

75 3139 78 3144 Ι
117 3063 178 3122 lius
195 3061 263 3134 hic,
283 3085 378 3145 quam
392 3066 447 3125 ubi
464 3078 571 3123 natum
590 3075 648 3138 est,
665 3082 775 3124 sonare
791 3064 952 3127 miremur.
963 3085 976 3116 n
993 3061 1032 3118 Et
1045 3057 1099 3117 lib.
1115 3057 1167 3116 IV.

118 3175 132 3205 o
144 3149 289 3210 Feliciter
303 3153 450 3212 Graecos
442 3163 679 3234 interpretatur,
695 3147 903 3234 pulcherrime
919 3148 1092 3210 [emulatur.
1102 3169 1116 3201 u
1130 3145 1170 3203 Et

118 3239 175 3298 lib.
186 3239 228 3296 V:
244 3264 258 3296 u
267 3241 370 3300 Omne
380 3259 458 3320 opus
469 3239 695 3320 virgilianum,
707 3239 803 3300 veluti
812 3239 851 3298 ele
861 3235 998 3318 quodam
1009 3234 1171 3294 Homerici

118 3331 223 3410 operis
242 3327 382 3411 speculo,
397 3329 569 3388 formatum
580 3339 661 3388 est.»
679 3330 796 3394 Seneca
806 3325 936 3400 Rhetor,
952 3324 1075 3384 linvn
1086 3325 1169 3382 Con-

117 3431 200 3477 trov.
215 3419 272 3493 ait,
285 3439 388 3478 versus
397 3419 547 3478 Varronis
562 3439 579 3477 a
593 3416 728 3498 Virgilio
743 3413 910 3475 imitandos
925 3427 1103 3494 susceptos,
1119 3431 1169 3472 ex-

117 3525 238 3588 pressos
253 3507 286 3566 in
303 3507 430 3581 melino,
443 3507 564 3566 etiamsi
576 3505 766 3571 Varroniani
781 3503 894 3586 optimi
911 3515 1020 3562 essent.
1033 3501 1168 3561 Turneb.

118 3593 172 3653 lib.
187 3594 275 3652 XIX:
293 3617 306 3648 u
318 3594 425 3670 Maro,
441 3609 576 3675 quantus
594 3605 730 3674 quantus
744 3605 803 3668 est,
819 3592 995 3651 imitatione
1009 3602 1039 3650 et
1049 3587 1174 3670 judicio·

120 3685 228 3743 evasit.
250 3683 292 3742 Ac
309 3703 405 3765 quum
420 3684 560 3765 plerique
573 3684 744 3742 imitatores
762 3680 864 3763 putidi
883 3693 913 3741 et
929 3681 1026 3762 inepti
1043 3681 1121 3754 sint,
1140 3693 1171 3739 et

121 3793 214 3855 paene
226 3771 370 3848 ridiculi,
385 3775 489 3834 solum
504 3775 667 3834 Maronem
683 3773 798 3832 imitari
813 3791 975 3852 nunquam
989 3769 1123 3831 dedecet.
1136 3769 1175 3829 ltl·

118 3865 207 3925 enim
219 3875 283 3921 tam
297 3875 367 3945 apte
379 3877 409 3924 et
421 3863 653 3924 accommodate
665 3863 752 3938 facit,
765 3874 800 3921 ut
812 3883 866 3921 sua
880 3859 1007 3936 afferre,
1020 3880 1084 3919 non
1098 3858 1171 3918 alie·

119 3971 161 4011 na
172 3973 324 4032 usurpare
339 3953 490 4022 videatur.
504 3979 518 4010 u
530 3955 685 4015 Victorius
698 3955 874 4034 Prolcgom.
886 3955 918 4011 in
930 3951 1075 4033 poeticen
1088 3949 1172 4007 Aris·

119 4054 178 4100 tot.
194 4065 208 4097 n
220 4039 320 4120 Quin,
331 4045 554 4126 tanquamapis
564 4042 721 4127 quadam,
732 4042 870 4124 singulos
877 4039 1006 4104 Homeri
1018 4035 1124 4110 liores,
1134 4047 1171 4094 ut
1222 4073 1231 4084 -
