2704 4582
354 350 405 412 IN
429 343 664 410 AENEIDOS
690 343 782 403 LIB.
808 338 847 404 X.
1061 331 1119 397 123

76 482 249 552 Germano,
263 477 408 554 Higyno,
421 467 523 529 Natali
537 467 590 546 qui
604 465 751 524 latissime
764 485 832 544 cap.
845 461 932 536 XIII,
947 456 1132 537 liltr.[VIII,¹

79 583 105 627 et
115 571 147 626 in
162 567 245 626 aliis
262 560 402 633 Similia,
417 579 455 616 ne
470 577 487 614 a
501 575 551 614 me
563 555 750 634 requireres,
766 571 845 632 saepe
857 550 976 610 monui.

114 657 180 736 769.
196 650 341 730 Affulget
352 648 416 727 jam
425 646 525 703 AEneae
538 661 650 720 magna
661 660 745 719 seges
756 638 877 719 gloriae3
894 636 964 695 ideo
978 635 1062 694 enirn
1075 641 1122 689 tot

79 747 234 826 praemissa
256 741 296 800 de
320 735 467 798 Mezentii
493 734 623 804 virtute,
648 731 702 810 qui
725 729 833 786 similis
857 725 1004 808 scopulo,
1029 741 1123 802 apro,

81 832 173 906 leoni,
185 829 301 890 Orioni
312 873 320 902 ,
331 840 366 886 ut
375 823 450 882 hinc
461 819 561 900 major
572 817 670 899 gloria
682 819 714 874 in
724 819 850 876 AEneam
861 813 1028 874 redundet:
1039 829 1122 889 ergo,

83 942 223 1004 generose
235 915 410 980 admodum
424 915 467 970 ire
481 912 514 969 in
528 909 618 968 illum
631 919 736 988 parat,
752 904 936 984 contemptis
947 901 1014 960 aliis
1026 897 1125 958 hosti-

82 1009 150 1083 bus,
164 1024 196 1068 et
212 1020 330 1066 attente
342 1001 534 1084 speculatur,
554 1014 695 1077 quaerens
713 994 767 1066 uhi
782 995 830 1050 sit.
845 991 900 1050 Ille
917 1003 1021 1048 autem
1034 984 1127 1066 quasi

84 1099 193 1156 AEnean
216 1105 404 1154 contemnat
420 1099 519 1168 manet
535 1084 737 1164 imperterritus
755 1081 902 1161 opperiens
917 1068 1126 1156 (exspectans)

87 1182 187 1243 hostem
198 1181 446 1263 maquaru'mum:
460 1171 564 1248 addit,
577 1167 689 1230 etmole
700 1190 751 1227 sua
763 1179 836 1238 stat3
853 1166 926 1246 quia
938 1183 1029 1243 supra
1043 1155 1127 1218 corn·

86 1288 206 1354 paratus
215 1291 291 1331 cum
302 1289 380 1349 rupe
391 1281 450 1340 est,
466 1283 535 1345 quae
546 1264 667 1320 immota
676 1271 781 1318 manet.
798 1255 997 1336 Expendatur
1005 1267 1127 1319 rersm,

14 1327 16 1390 l
88 1362 134 1440 qui
147 1362 263 1432 etiam,
276 1377 343 1416 non
355 1353 445 1414 aliter
458 1372 493 1410 ac
505 1367 614 1431 rupes,
629 1343 704 1405 mole
715 1367 770 1406 sua
781 1357 843 1404 stat.

121 1471 193 1531 772.
204 1451 248 1508 Ut
260 1445 340 1506 vidit
352 1443 540 1515 MezentiuS,
557 1459 621 1499 esse
630 1436 696 1518 jam
706 1437 822 1495 AEnean
836 1436 918 1493 intra
931 1431 985 1492 teli
993 1431 1129 1511 jactum,

87 1538 201 1598 hastam
210 1536 305 1618 jecit3
321 1536 409 1616 prius
421 1547 527 1591 tamen
537 1551 567 1588 se
582 1529 743 1609 impietate
753 1524 884 1600 imbuit,
899 1537 929 1582 et
943 1525 996 1602 qui
1010 1537 1131 1598 semper

87 1627 235 1685 Divoeum
246 1623 309 1682 fuit
318 1632 531 1700 contemptor,
543 1637 625 1676 nunc
636 1634 759 1696 quoque
770 1615 803 1672 in
814 1625 950 1672 extremo
961 1619 1032 1668 actu
1041 1607 1112 1663 vitae
1123 1625 1130 1660 ε

14 1763 15 1784 .
89 1735 154 1772 narn
172 1733 275 1795 quum
292 1709 412 1771 soleant
426 1709 522 1768 duces
540 1704 592 1764 alii
608 1707 640 1762 in
657 1703 740 1763 bello
758 1714 828 1761 ante
841 1699 959 1782 jactum
975 1698 1029 1757 teli
1046 1697 1133 1752 invo-

90 1824 151 1862 care
162 1802 299 1881 alicujus
309 1799 454 1859 Numinis
468 1797 626 1869 favorem,
641 1808 709 1853 tum
721 1794 814 1852 etiam
824 1789 944 1851 soleant
952 1786 1134 1870 promittere

90 1907 241 1951 erecturos
263 1911 296 1949 se
316 1887 494 1970 trophaeum
517 1887 627 1960 Marti,
654 1898 824 1964 utrumque
845 1879 1035 1940 contemnit:
1060 1891 1134 1932 nam

91 1980 331 2058 dextramsuam
344 1993 374 2038 et
388 1977 484 2036 telum
495 1996 559 2036 esse
573 1976 616 2032 ait
625 1993 684 2054 pro
694 1974 777 2048 Deo,
793 1985 823 2031 et
834 1969 901 2030 hacc
915 1968 978 2028 duo
991 1950 1131 2024 invocat:

92 2069 216 2145 deinde,
244 2073 381 2128 Lausum
400 2066 502 2125 lilium
519 2063 585 2124 vult
601 2062 688 2122 indui
704 2063 797 2120 armis
812 2059 929 2134 hostis,
955 2061 1134 2130 contempto

93 2160 204 2234 Marte,
217 2160 270 2219 cui
281 2158 383 2218 solent
392 2158 488 2217 dicari
502 2156 540 2214 ab
553 2154 642 2213 aliis:
660 2165 690 2212 et
701 2165 793 2225 nota,
808 2152 925 2209 AEnean
938 2162 1051 2226 magno
1064 2159 1137 2200 con-

97 2261 211 2330 temptu
229 2248 289 2307 dici
308 2245 489 2329 praedonem,
516 2265 581 2303 non
603 2242 724 2301 hostum.
740 2238 913 2320 Ulpianus:
936 2239 1042 2304 Hostes,
1054 2240 1137 2299 sunt,

98 2337 194 2418 quibus
206 2336 315 2398 bellum
325 2334 439 2418 publice
449 2332 574 2416 populus
585 2336 735 2391 florianus
750 2328 886 2400 decreuit,
908 2323 953 2384 vel
966 2325 1018 2403 ipsi
1033 2314 1139 2400 populo

14 2449 15 2460 ¹
100 2429 247 2486 Romano:
261 2429 345 2485 ceteri
359 2421 531 2496 latrunculi,
544 2419 590 2480 vel
600 2417 747 2501 prcedoues
758 2413 950 2497 appellantur.
1198 2403 1199 2410 ἵ

14 2575 15 2584 ,
135 2517 201 2598 776.
219 2517 293 2574 Post
307 2513 390 2572 hanc
403 2515 596 2593 impietatem
610 2507 723 2567 hastam
727 2503 801 2590 jecit
807 2551 816 2578 ‚
837 2518 867 2564 et
879 2501 918 2563 ab
937 2503 1057 2581 impetu
1071 2495 1141 2554 stri-

14 2593 16 2682 l
100 2602 237 2663 dentem:
259 2603 314 2676 illa¹
326 2624 445 2662 excussa
454 2616 510 2676 est,
529 2616 565 2660 ut
582 2599 685 2678 attigit
702 2596 844 2654 divinum
857 2593 1017 2675 clypeum,
1038 2600 1068 2646 et
1079 2583 1143 2644 Au·

103 2691 289 2776 thoremfipit.
307 2695 414 2773 Signat
425 2692 529 2750 locum
542 2689 678 2748 vulneris
696 2689 769 2747 inter
786 2684 860 2746 latus
872 2697 900 2745 et
911 2682 977 2759 ilia,
997 2675 1144 2738 videlicet

102 2783 132 2841 in
144 2804 238 2858 cavo,
256 2782 341 2862 quod
354 2781 435 2840 infra
448 2793 555 2840 costas.

139 2895 203 2955 779.
220 2871 362 2956 Explicat
373 2874 442 2953 quis
453 2869 504 2930 hic
512 2867 662 2929 An'thores
671 2873 681 2944 (
690 2870 734 2926 ita
742 2867 924 2939 inflectitur,
933 2883 998 2922 non
1007 2854 1145 2930 Anthor)

14 3029 16 3046 ,
104 2963 248 3020 nimirum
271 2982 373 3020 comes
393 2960 556 3035 Herculis,
580 2959 681 3039 patria
699 2957 846 3036 Argivus,
874 2950 1011 3010 Evandri
1030 2946 1146 3016 socius,

14 3083 15 3120 1
104 3048 196 3109 Italiae
208 3048 310 3108 novus
324 3048 447 3130 hospes.
467 3047 575 3128 Itaque
588 3067 645 3128 pro
658 3043 790 3104 Hercule
801 3042 982 3102 Evandrum
994 3034 1145 3104 habebat,

107 3159 161 3218 pro
173 3139 262 3219 Argis
277 3137 374 3198 Italiae
390 3136 509 3196 urbem
578 3173 582 3182 =

142 3227 194 3308 781
225 3223 299 3284 Ideo
320 3223 439 3308 infelix,
462 3226 535 3305 quia
554 3237 664 3285 stratus
686 3221 784 3282 alieno
799 3215 932 3288 vulnere,
955 3228 1048 3294 atque
1067 3205 1146 3266 adeo

106 3315 213 3392 periit,
224 3313 315 3372 nullo
332 3327 487 3372 ostentato
497 3314 621 3372 virtutis
631 3331 693 3371 suae
704 3311 903 3369 documento.
914 3305 984 3361 lam
997 3318 1069 3358 vero
1082 3317 1146 3356 exs-

106 3401 208 3480 pirans
222 3403 363 3460 animam
375 3398 479 3462 calum
492 3403 595 3481 aspicit
607 3420 721 3480 magno
737 3409 880 3477 aspectu,
894 3405 928 3452 ut
940 3389 1041 3450 solent
1053 3385 1148 3446 mori-

14 1477 16 1528 l

14 3655 15 3676 ἶ
141 3590 198 3659 773.
213 3590 311 3641 Dextra
323 3590 389 3640 miti
404 3590 472 3642 deus.
496 3589 537 3642 Sic
550 3591 605 3642 dic·
688 3589 748 3659 781.
762 3586 855 3638 Alieno
864 3581 974 3634 uolnere.
985 3577 1064 3640 Telo,
1076 3572 1150 3646 quod

14 3677 15 3712 1
104 3678 161 3718 'lum
180 3682 233 3733 est,
254 3681 298 3734 ut,
324 3671 374 3720 uln
391 3669 514 3722 manibus
533 3672 605 3722 Mars
651 3671 678 3720 in
696 3670 807 3718 AEneam
824 3667 913 3716 fuerat
934 3661 1149 3712 destinatum.-

110 3749 163 3816 iP⁸e
171 3752 221 3800 Vifl
234 3762 368 3814 ”ru1n011
378 3749 460 3801 alium
470 3750 520 3802 sibi
531 3762 607 3821 putet
642 3760 644 3764 '
654 3749 801 3820 cetumque
813 3745 910 3818 aspicit.
924 3745 972 3808 Ut,
989 3765 999 3788 u
1011 3739 1064 3792 alto
1079 3755 1150 3808 quae-

110 3828 190 3879 Deum
203 3848 261 3880 esse
275 3829 432 3902 sacrilegus,
453 3849 532 3901 quam
544 3830 608 3881 dex·
653 3831 713 3881 sivit
725 3828 789 3880 caelo
799 3827 893 3878 lucem.
906 3847 916 3871 r
937 3823 1017 3884 Item,
1035 3843 1045 3864 u
1057 3817 1150 3868 Hausit

113 3921 176 3960 tram
186 3923 212 3961 et
222 3910 416 3961 fortitudinem.
430 3913 498 3964 Serv.
509 3941 542 3950 —
551 3913 608 3964 Sta·
653 3909 760 3974 caelum,
773 3920 940 3975 mentemque
955 3901 1062 3970 recepit.
1076 3921 1086 3942 n
1099 3897 1152 3946 Na-

113 3987 161 4037 tius
172 3988 257 4040 Theb.
268 3989 292 4040 II
304 3988 338 4039 de
348 3989 488 4060 Capaneo,
502 4015 513 4039 a
525 3993 608 4044 virtus
654 3989 776 4040 tu'raliter
791 3987 861 4037 enirn
878 3984 1020 4034 morientes
1039 3977 1151 4045 cupiunt

115 4067 176 4119 mihi
187 4087 287 4121 numen
301 4082 328 4122 et
341 4072 418 4121 ensis.
430 4095 440 4118 n
655 4070 746 4122 satiari
756 4079 872 4120 extremo
880 4063 946 4119 lucis
955 4069 1071 4128 aspectu.
1081 4053 1148 4103 Serv.
