2654 4590
438 345 650 450 TABULA.
1034 373 1064 410 tx

963 507 965 514 .
1009 471 1061 531 Peg.

41 545 92 604 tlt.
122 547 149 606 C.
165 543 323 627 Sulpicius
339 541 517 626 Apollinaris
534 544 778 626 Carthaqiniensr's
792 545 945 604 Gramma·
974 601 976 608 Α

254 635 334 692 ticus
354 635 385 692 in
404 631 556 692 AEneidem
578 635 607 695 V
607 630 786 713 upilionum(
811 676 944 694 .....
1004 630 1063 708 400

42 729 100 788 vltt.
118 730 245 790 imitatio
262 725 411 810 ejusdem:
431 727 545 788 Phocus
564 731 795 811 Grammaticus,
814 750 849 788 ex
859 729 945 812 fraq-

252 831 355 879 mcnto
376 821 441 878 nita
464 816 582 900 Vispilii
583 861 733 878 ......
739 877 742 884 ,
756 861 943 880 .......
1004 819 1063 896 400

42 913 77 972 IX.
116 917 158 974 De
176 915 281 975 eadem
304 937 335 974 rc
354 935 449 975 uersus
468 914 598 978 attributi
619 912 750 976 Cornelio
771 913 877 989 Gallo,
897 916 947 976 sed

251 999 422 1062 scholastici
435 1014 541 1083 poeta,
566 1015 600 1062 ut
619 1015 738 1083 apparet
744 1026 755 1075 ,·
774 1007 895 1084 expressi
910 1026 946 1064 ex

252 1093 357 1154 eodem
379 1091 509 1174 Sulpicio
531 1091 764 1174 Carthaqiniensi
766 1137 943 1156 .......
1006 1100 1060 1170 4οι

45 1187 67 1244 Χ.
118 1192 160 1248 De
179 1189 309 1250 AEneide
330 1192 361 1252 V
360 1187 447 1270 irqilti
450 1233 943 1252 .................
1006 1193 1060 1270 hor

44 1283 77 1341 Xl.
117 1289 159 1345 De
178 1287 283 1346 eadem
306 1308 337 1346 re
355 1289 454 1347 ueteris
474 1285 637 1360 scholastici
655 1300 745 1368 poeta
765 1308 873 1360 versus,
894 1289 945 1349 suh

143 1399 146 1417 ·
252 1377 378 1433 nomine
397 1375 524 1455 Auqusti
545 1377 672 1434 Casaris.
694 1419 720 1446 .,
723 1417 946 1448 ........
1007 1373 1063 1451 400

43 1468 89 1527 ΧΠ.
117 1472 295 1532 Eammdem
311 1494 444 1533 uersuum
460 1471 631 1533 scholastica
647 1474 784 1544 imitatio,
803 1493 855 1552 per
869 1469 948 1532 Pho-

249 1583 321 1622 cam
336 1564 589 1622 Grammaticum:
605 1584 641 1622 ex
653 1565 713 1622 vita
729 1565 759 1624 V
757 1559 843 1646 imilii
857 1564 948 1642 Frua-

254 1664 400 1711 mentum.
421 1652 548 1711 Possunt
566 1654 659 1711 uerius
677 1671 730 1732 pro
747 1672 808 1709 var.
829 1648 890 1710 lect.
912 1672 948 1710 ac

250 1738 423 1822 corruptelis
435 1743 588 1822 superioris
602 1742 741 1801 carminis
754 1761 774 1798 a
786 1761 867 1800 uersu
882 1740 962 1800 inde.

252 1847 296 1886 22
319 1825 439 1887 haberi:
460 1862 499 1872 -
520 1827 628 1908 lingua
648 1827 753 1888 locuta
774 1841 855 1887 est..
879 1872 886 1887 .
910 1873 917 1887 .
939 1873 946 1887 .
1008 1830 1065 1904 403

43 1916 103 1975 ΧΗῙ.
122 1923 259 2005 Georyius
279 1923 444 2000 Fabricius,
465 1925 507 1986 acl
520 1928 686 1986 Martinum
703 1927 841 1986 Pisonem
855 1947 946 1986 avun-

252 2011 371 2087 culum,
409 2013 444 2073 de
481 2012 652 2074 excellentia
685 2027 836 2095 poctarum
870 2015 950 2096 apud
996 2021 998 2026 ’

255 2103 389 2198 latinos.
601 2147 943 2164 ............
1005 2105 1067 2182 404

46 2208 207 2276 ARGUMENTA
228 2220 369 2280 Onnum
390 2222 530 2280 Vinctus
534 2263 943 2281 ..............
1005 2219 1066 2296 406

47 2303 66 2360 l·
124 2313 336 2393 Amunrentum
356 2319 488 2376 omnium
510 2319 637 2398 Operum
660 2314 915 2400 Virpiliauorum..
938 2362 945 2376 .
1006 2315 1066 2391 406

47 2397 75 2458 Π·
125 2409 255 2472 Asmenit
278 2415 385 2475 Versus
403 2417 435 2473 in
456 2413 525 2474 Coti.
548 2417 644 2478 Vario.
666 2435 696 2472 n.
723 2411 824 2494 1574..
848 2456 854 2470 .
878 2455 885 2471 .
908 2457 915 2471 .
939 2457 946 2470 .
1006 2413 1066 2487 406

48 2494 86 2555 lll-
125 2505 306 2586 Aryumenta
325 2508 518 2570 Monostichis
537 2529 669 2591 expressa
670 2551 946 2568 ..........
1006 2515 1065 2592 407

50 2589 86 2648 W·
123 2601 158 2657 Iu
170 2602 529 2752 EmigmdlMomsticha
544 2602 651 2664 Basilii
656 2629 668 2678 ‚-
690 2601 767 2663 male
781 2602 862 2685 apud
874 2602 948 2663 alios
1005 2692 1025 2769 4

306 2716 314 2752 ι
346 2717 365 2752 r.
394 2736 944 2756 ...................
1027 2717 1065 2777 07
1102 2705 1104 2709 ’

48 2774 74 2834 V·
125 2784 294 2848 Scholastici
321 2786 472 2871 windam
499 2804 589 2869 poeta
616 2803 789 2872 arqumcnta
817 2789 947 2850 AEneidis

257 2877 310 2938 suh
329 2882 448 2938 nomine
471 2876 568 2938 Ouidii
569 2923 945 2940 .............
1007 2884 1065 2956 408

47 2959 85 3020 Vl·
125 2974 194 3031 Item
214 2975 400 3058 Arqumenta
421 2979 453 3034 in
473 2975 624 3035 AEneidem
644 2997 696 3058 per
714 2973 893 3036 Hexasticha
912 2997 947 3035 ex

260 3065 292 3125 V
289 3065 403 3122 ossiano
423 3063 521 3123 codice
541 3067 696 3146 inteqrituti
717 3067 853 3122 restituta.
879 3108 886 3122 .
909 3109 915 3122 .
939 3109 946 3123 .
1006 3063 1065 3140 4ι3

49 3142 97 3205 VH·
123 3156 281 3219 Duodecim
301 3157 537 3221 scholasticorum
556 3175 708 3242 poetarum
725 3171 897 3244 arpumenta
915 3163 947 3219 in

257 3247 407 3308 AEueirlem
411 3291 945 3310 ..................
1006 3249 1066 3326 416

47 3327 109 3394 VIII.
130 3342 304 3404 Tetrasticha
326 3348 358 3404 irt
378 3348 479 3405 omnia
501 3345 618 3427 Virqilii
639 3348 733 3428 Opera
737 3388 853 3404 .....
877 3367 944 3406 ·..
1006 3351 1065 3428 4ι9

47 3421 84 3485 lx·
124 3437 225 3500 Incerti
246 3441 363 3516 Poetae,
389 3441 470 3524 apud
488 3442 647 3503 nonnullos
668 3441 781 3516 Ouidii,
810 3443 945 3503 Tetrasti-

256 3527 313 3588 cha
333 3532 365 3589 in
385 3531 536 3612 Geomica.
565 3574 943 3592 .............
1005 3532 1061 3608 4οι

47 3607 74 3666 K
122 3619 162 3680 De
186 3621 308 3705 Virqilii
331 3625 468 3701 AEneide,
495 3648 583 3707 quam
609 3623 740 3688 dentibus
764 3626 949 3709 discerpserat
1062 3660 1064 3662 ·

259 3715 359 3774 asinus
362 3757 947 3778 ....................
1006 3717 1063 3795 400

47 3809 212 3884 P·Vura1m1
233 3825 383 3888 Marionis
405 3849 610 3891 urscmuasss
630 3849 758 3906 asarota
761 3873 945 3892 .......
1006 3831 1065 3908 403

47 3919 172 3994 Coorcuu
185 3957 346 3998 numanus
370 3939 410 3999 ad
436 3962 514 4022 quos
539 3939 666 4022 quidem
691 3941 816 4024 Virgilii
846 3941 947 4006 adhuc

263 4045 426 4087 recensum
446 4049 511 4089 esse
530 4027 651 4090 factum
672 4044 794 4090 constat
796 4074 946 4091 ......
1007 4037 1062 4112 43ι
