<?xml version="1.0" encoding="UTF-8"?>
<!DOCTYPE html PUBLIC "-//W3C//DTD XHTML 1.0 Transitional//EN"
    "http://www.w3.org/TR/xhtml1/DTD/xhtml1-transitional.dtd">
<html xmlns="http://www.w3.org/1999/xhtml" xml:lang="en" lang="en">
 <head>
  <title>
</title>
<meta http-equiv="Content-Type" content="text/html;charset=utf-8" />
  <meta name='ocr-system' content='tesseract 3.04.00' />
  <meta name='ocr-capabilities' content='ocr_page ocr_carea ocr_par ocr_line ocrx_word'/>
</head>
<body>
  <div class='ocr_page' id='page_1' title='image "./pvirgiliusmaroq06barbgoog_0152.png"; bbox 0 0 2704 4582; ppageno 0'>
   <div class='ocr_carea' id='block_1_1' title="bbox 245 305 952 380">
    <p class='ocr_par' dir='ltr' id='par_1_1' title="bbox 245 305 952 380">
     <span class='ocr_line' id='line_1_1' title="bbox 245 305 952 380; baseline 0.014 -10"><span class='ocrx_word' id='word_1_1' title='bbox 245 305 306 371; x_wconf 78' lang='lat'><strong>138</strong></span> <span class='ocrx_word' id='word_1_2' title='bbox 572 311 952 380; x_wconf 82' lang='lat' dir='ltr'><strong>COMMENTARIA</strong></span> 
     </span>
    </p>
   </div>
   <div class='ocr_carea' id='block_1_2' title="bbox 139 427 1339 2531">
    <p class='ocr_par' dir='ltr' id='par_1_2' title="bbox 238 427 1289 948">
     <span class='ocr_line' id='line_1_2' title="bbox 240 427 1288 516; baseline 0.014 -29"><span class='ocrx_word' id='word_1_3' title='bbox 240 427 307 500; x_wconf 80' lang='lat' dir='ltr'><strong>bru,</strong></span> <span class='ocrx_word' id='word_1_4' title='bbox 323 429 355 488; x_wconf 91' lang='lat' dir='ltr'><strong>id</strong></span> <span class='ocrx_word' id='word_1_5' title='bbox 369 441 429 504; x_wconf 89' lang='lat' dir='ltr'><strong>est,</strong></span> <span class='ocrx_word' id='word_1_6' title='bbox 442 431 551 506; x_wconf 87' lang='lat' dir='ltr'><strong>sacris,</strong></span> <span class='ocrx_word' id='word_1_7' title='bbox 566 453 636 516; x_wconf 88' lang='lat' dir='ltr'><strong>quae</strong></span> <span class='ocrx_word' id='word_1_8' title='bbox 647 455 809 516; x_wconf 85' lang='lat' dir='ltr'><strong>suprema:</strong></span> <span class='ocrx_word' id='word_1_9' title='bbox 825 449 857 496; x_wconf 90' lang='lat' dir='ltr'><strong>et</strong></span> <span class='ocrx_word' id='word_1_10' title='bbox 868 451 939 498; x_wconf 91' lang='lat' dir='ltr'><strong>ante</strong></span> <span class='ocrx_word' id='word_1_11' title='bbox 951 437 1028 498; x_wconf 87' lang='lat' dir='ltr'><strong>alios</strong></span> <span class='ocrx_word' id='word_1_12' title='bbox 1039 437 1182 500; x_wconf 84' lang='lat' dir='ltr'><strong>curanda</strong></span> <span class='ocrx_word' id='word_1_13' title='bbox 1194 443 1288 503; x_wconf 81' lang='lat' dir='ltr'><strong>unius</strong></span> 
     </span>
     <span class='ocr_line' id='line_1_3' title="bbox 238 514 1289 604; baseline 0.011 -28"><span class='ocrx_word' id='word_1_14' title='bbox 238 514 389 576; x_wconf 85' lang='lat' dir='ltr'><strong>Pallantis</strong></span> <span class='ocrx_word' id='word_1_15' title='bbox 400 517 575 600; x_wconf 82' lang='lat' dir='ltr'><strong>sepultura3</strong></span> <span class='ocrx_word' id='word_1_16' title='bbox 591 523 712 604; x_wconf 85' lang='lat' dir='ltr'><strong>itaque,</strong></span> <span class='ocrx_word' id='word_1_17' title='bbox 728 525 908 586; x_wconf 70' lang='lat' dir='ltr'><strong>mittaturne!</strong></span> <span class='ocrx_word' id='word_1_18' title='bbox 917 525 1051 587; x_wconf 74' lang='lat' dir='ltr'><strong>Evandri</strong></span> <span class='ocrx_word' id='word_1_19' title='bbox 1064 527 1186 588; x_wconf 67' lang='lat' dir='ltr'><strong>umens:</strong></span> <span class='ocrx_word' id='word_1_20' title='bbox 1200 527 1289 588; x_wconf 87' lang='lat' dir='ltr'><strong>addit</strong></span> 
     </span>
     <span class='ocr_line' id='line_1_4' title="bbox 240 603 1288 698; baseline 0.011 -34"><span class='ocrx_word' id='word_1_21' title='bbox 240 603 378 686; x_wconf 77' lang='lat' dir='ltr'><strong>elogium</strong></span> <span class='ocrx_word' id='word_1_22' title='bbox 397 621 428 667; x_wconf 91' lang='lat' dir='ltr'><strong>et</strong></span> <span class='ocrx_word' id='word_1_23' title='bbox 448 608 607 671; x_wconf 89' lang='lat' dir='ltr'><strong>dolorem:</strong></span> <span class='ocrx_word' id='word_1_24' title='bbox 630 612 783 694; x_wconf 80' lang='lat' dir='ltr'><strong>elogium:</strong></span> <span class='ocrx_word' id='word_1_25' title='bbox 803 635 876 674; x_wconf 86' lang='lat' dir='ltr'><strong>nam</strong></span> <span class='ocrx_word' id='word_1_26' title='bbox 889 616 977 676; x_wconf 89' lang='lat' dir='ltr'><strong>nulla</strong></span> <span class='ocrx_word' id='word_1_27' title='bbox 991 618 1077 698; x_wconf 80' lang='lat' dir='ltr'>eguit</span> <span class='ocrx_word' id='word_1_28' title='bbox 1096 619 1231 694; x_wconf 86' lang='lat' dir='ltr'><strong>virtute,</strong></span> <span class='ocrx_word' id='word_1_29' title='bbox 1255 617 1288 676; x_wconf 84' lang='lat' dir='ltr'><strong>id</strong></span> 
     </span>
     <span class='ocr_line' id='line_1_5' title="bbox 240 693 1288 786; baseline 0.013 -34"><span class='ocrx_word' id='word_1_30' title='bbox 240 707 303 768; x_wconf 88' lang='lat' dir='ltr'><strong>est,</strong></span> <span class='ocrx_word' id='word_1_31' title='bbox 318 693 502 758; x_wconf 87' lang='lat' dir='ltr'><strong>fortissimus</strong></span> <span class='ocrx_word' id='word_1_32' title='bbox 512 699 589 775; x_wconf 82' lang='lat' dir='ltr'><strong>fuit3</strong></span> <span class='ocrx_word' id='word_1_33' title='bbox 601 699 681 761; x_wconf 88' lang='lat' dir='ltr'><strong>nihil</strong></span> <span class='ocrx_word' id='word_1_34' title='bbox 692 704 726 762; x_wconf 89' lang='lat' dir='ltr'><strong>in</strong></span> <span class='ocrx_word' id='word_1_35' title='bbox 739 723 775 762; x_wconf 89' lang='lat' dir='ltr'><strong>eo</strong></span> <span class='ocrx_word' id='word_1_36' title='bbox 787 706 940 786; x_wconf 83' lang='lat' dir='ltr'>requiras,</span> <span class='ocrx_word' id='word_1_37' title='bbox 956 704 1036 766; x_wconf 88' lang='lat' dir='ltr'><strong>nihil</strong></span> <span class='ocrx_word' id='word_1_38' title='bbox 1046 705 1218 768; x_wconf 81' lang='lat' dir='ltr'><strong>desideres:</strong></span> <span class='ocrx_word' id='word_1_39' title='bbox 1233 707 1288 766; x_wconf 92' lang='lat' dir='ltr'><strong>do·</strong></span> 
     </span>
     <span class='ocr_line' id='line_1_6' title="bbox 239 779 1288 880; baseline 0.018 -40"><span class='ocrx_word' id='word_1_40' title='bbox 239 779 355 860; x_wconf 81' lang='lat' dir='ltr'><strong>lorem3</strong></span> <span class='ocrx_word' id='word_1_41' title='bbox 372 808 444 846; x_wconf 87' lang='lat' dir='ltr'><strong>nam</strong></span> <span class='ocrx_word' id='word_1_42' title='bbox 458 787 540 850; x_wconf 86' lang='lat' dir='ltr'><strong>obiit</strong></span> <span class='ocrx_word' id='word_1_43' title='bbox 556 792 759 868; x_wconf 88' lang='lat' dir='ltr'><strong>immaturus,</strong></span> <span class='ocrx_word' id='word_1_44' title='bbox 780 794 850 856; x_wconf 90' lang='lat' dir='ltr'><strong>ideo</strong></span> <span class='ocrx_word' id='word_1_45' title='bbox 865 794 1016 870; x_wconf 70' lang='lat' dir='ltr'><strong>diesuna,</strong></span> <span class='ocrx_word' id='word_1_46' title='bbox 1033 796 1171 859; x_wconf 80' lang='lat' dir='ltr'><strong>acerbum</strong></span> <span class='ocrx_word' id='word_1_47' title='bbox 1178 798 1288 880; x_wconf 68' lang='lat' dir='ltr'><strong>lienus,</strong></span> 
     </span>
     <span class='ocr_line' id='line_1_7' title="bbox 240 869 500 948; baseline 0.031 -19"><span class='ocrx_word' id='word_1_48' title='bbox 240 869 355 933; x_wconf 80' lang='lat' dir='ltr'><strong>ablatus</strong></span> <span class='ocrx_word' id='word_1_49' title='bbox 361 921 371 948; x_wconf 87' lang='lat'><strong>,</strong></span> <span class='ocrx_word' id='word_1_50' title='bbox 385 897 500 939; x_wconf 83' lang='lat' dir='ltr'><strong>mersus.</strong></span> 
     </span>
    </p>

    <p class='ocr_par' dir='ltr' id='par_1_3' title="bbox 148 967 1339 1927">
     <span class='ocr_line' id='line_1_8' title="bbox 280 967 1287 1055; baseline 0.012 -34"><span class='ocrx_word' id='word_1_51' title='bbox 280 981 326 1041; x_wconf 83' lang='lat'><strong>29·</strong></span> <span class='ocrx_word' id='word_1_52' title='bbox 342 967 452 1027; x_wconf 81' lang='lat' dir='ltr'><strong>Oratio</strong></span> <span class='ocrx_word' id='word_1_53' title='bbox 464 969 566 1029; x_wconf 82' lang='lat' dir='ltr'><strong>AEueae</strong></span> <span class='ocrx_word' id='word_1_54' title='bbox 580 971 613 1028; x_wconf 91' lang='lat' dir='ltr'><strong>in</strong></span> <span class='ocrx_word' id='word_1_55' title='bbox 624 969 776 1052; x_wconf 81' lang='lat' dir='ltr'><strong>lacrymas</strong></span> <span class='ocrx_word' id='word_1_56' title='bbox 789 971 918 1046; x_wconf 87' lang='lat' dir='ltr'><strong>desinit3</strong></span> <span class='ocrx_word' id='word_1_57' title='bbox 936 973 1022 1055; x_wconf 85' lang='lat' dir='ltr'><strong>itque</strong></span> <span class='ocrx_word' id='word_1_58' title='bbox 1037 975 1074 1035; x_wconf 88' lang='lat' dir='ltr'><strong>ad</strong></span> <span class='ocrx_word' id='word_1_59' title='bbox 1092 975 1217 1050; x_wconf 88' lang='lat' dir='ltr'><strong>locum,</strong></span> <span class='ocrx_word' id='word_1_60' title='bbox 1233 974 1287 1034; x_wconf 91' lang='lat' dir='ltr'><strong>ubi</strong></span> 
     </span>
     <span class='ocr_line' id='line_1_9' title="bbox 219 1051 1285 1145; baseline 0.016 -40"><span class='ocrx_word' id='word_1_61' title='bbox 219 1097 223 1103; x_wconf 97' lang='lat'>.</span> <span class='ocrx_word' id='word_1_62' title='bbox 236 1051 355 1128; x_wconf 85' lang='lat' dir='ltr'><strong>positus</strong></span> <span class='ocrx_word' id='word_1_63' title='bbox 366 1054 465 1116; x_wconf 90' lang='lat' dir='ltr'><strong>Pallas</strong></span> <span class='ocrx_word' id='word_1_64' title='bbox 474 1055 540 1138; x_wconf 90' lang='lat' dir='ltr'><strong>jam</strong></span> <span class='ocrx_word' id='word_1_65' title='bbox 552 1061 719 1136; x_wconf 83' lang='lat' dir='ltr'><strong>exanimis3</strong></span> <span class='ocrx_word' id='word_1_66' title='bbox 733 1062 788 1122; x_wconf 91' lang='lat' dir='ltr'><strong>ubi</strong></span> <span class='ocrx_word' id='word_1_67' title='bbox 801 1075 939 1122; x_wconf 85' lang='lat' dir='ltr'><strong>servatus</strong></span> <span class='ocrx_word' id='word_1_68' title='bbox 954 1061 993 1122; x_wconf 91' lang='lat' dir='ltr'><strong>ab</strong></span> <span class='ocrx_word' id='word_1_69' title='bbox 1006 1065 1111 1125; x_wconf 82' lang='lat' dir='ltr'><strong>Acoete</strong></span> <span class='ocrx_word' id='word_1_70' title='bbox 1124 1084 1217 1139; x_wconf 85' lang='lat' dir='ltr'><strong>sene,</strong></span> <span class='ocrx_word' id='word_1_71' title='bbox 1231 1065 1285 1145; x_wconf 90' lang='lat' dir='ltr'><strong>qui</strong></span> 
     </span>
     <span class='ocr_line' id='line_1_10' title="bbox 237 1137 1288 1235; baseline 0.015 -39"><span class='ocrx_word' id='word_1_72' title='bbox 237 1137 340 1200; x_wconf 87' lang='lat' dir='ltr'><strong>fuerat</strong></span> <span class='ocrx_word' id='word_1_73' title='bbox 357 1147 494 1206; x_wconf 86' lang='lat' dir='ltr'><strong>Evandri</strong></span> <span class='ocrx_word' id='word_1_74' title='bbox 514 1151 665 1230; x_wconf 77' lang='lat' dir='ltr'><strong>armiger,</strong></span> <span class='ocrx_word' id='word_1_75' title='bbox 688 1165 717 1210; x_wconf 89' lang='lat' dir='ltr'><strong>et</strong></span> <span class='ocrx_word' id='word_1_76' title='bbox 736 1150 884 1212; x_wconf 88' lang='lat' dir='ltr'><strong>Pallantis</strong></span> <span class='ocrx_word' id='word_1_77' title='bbox 905 1167 1025 1229; x_wconf 85' lang='lat' dir='ltr'><strong>custos,</strong></span> <span class='ocrx_word' id='word_1_78' title='bbox 1053 1155 1139 1235; x_wconf 87' lang='lat' dir='ltr'><strong>prius</strong></span> <span class='ocrx_word' id='word_1_79' title='bbox 1159 1153 1288 1234; x_wconf 85' lang='lat' dir='ltr'><strong>quidem</strong></span> 
     </span>
     <span class='ocr_line' id='line_1_11' title="bbox 148 1223 1287 1315; baseline 0.016 -32"><span class='ocrx_word' id='word_1_80' title='bbox 148 1231 151 1236; x_wconf 86' lang='grc'><strong>“</strong></span> <span class='ocrx_word' id='word_1_81' title='bbox 236 1223 328 1304; x_wconf 83' lang='lat' dir='ltr'><strong>felix,</strong></span> <span class='ocrx_word' id='word_1_82' title='bbox 351 1252 436 1294; x_wconf 88' lang='lat' dir='ltr'><strong>nunc</strong></span> <span class='ocrx_word' id='word_1_83' title='bbox 455 1239 529 1296; x_wconf 90' lang='lat' dir='ltr'><strong>satis</strong></span> <span class='ocrx_word' id='word_1_84' title='bbox 546 1239 650 1298; x_wconf 84' lang='lat' dir='ltr'><strong>miser.</strong></span> <span class='ocrx_word' id='word_1_85' title='bbox 673 1241 710 1299; x_wconf 91' lang='lat' dir='ltr'><strong>ln</strong></span> <span class='ocrx_word' id='word_1_86' title='bbox 729 1239 776 1301; x_wconf 91' lang='lat' dir='ltr'><strong>his</strong></span> <span class='ocrx_word' id='word_1_87' title='bbox 796 1243 936 1302; x_wconf 86' lang='lat' dir='ltr'><strong>versibus</strong></span> <span class='ocrx_word' id='word_1_88' title='bbox 955 1245 1027 1303; x_wconf 91' lang='lat' dir='ltr'><strong>miri</strong></span> <span class='ocrx_word' id='word_1_89' title='bbox 1046 1256 1119 1303; x_wconf 90' lang='lat' dir='ltr'><strong>sunt</strong></span> <span class='ocrx_word' id='word_1_90' title='bbox 1139 1243 1287 1315; x_wconf 79' lang='lat' dir='ltr'><strong>affectus3</strong></span> 
     </span>
     <span class='ocr_line' id='line_1_12' title="bbox 237 1314 1288 1410; baseline 0.015 -38"><span class='ocrx_word' id='word_1_91' title='bbox 237 1314 361 1397; x_wconf 88' lang='lat' dir='ltr'><strong>aliquos</strong></span> <span class='ocrx_word' id='word_1_92' title='bbox 376 1323 518 1384; x_wconf 85' lang='lat' dir='ltr'><strong>Donatus</strong></span> <span class='ocrx_word' id='word_1_93' title='bbox 537 1328 658 1406; x_wconf 81' lang='lat' dir='ltr'><strong>attigit:</strong></span> <span class='ocrx_word' id='word_1_94' title='bbox 680 1329 772 1408; x_wconf 88' lang='lat' dir='ltr'><strong>quale</strong></span> <span class='ocrx_word' id='word_1_95' title='bbox 786 1343 831 1389; x_wconf 90' lang='lat' dir='ltr'><strong>est</strong></span> <span class='ocrx_word' id='word_1_96' title='bbox 851 1331 973 1406; x_wconf 83' lang='lat' dir='ltr'><strong>audire,</strong></span> <span class='ocrx_word' id='word_1_97' title='bbox 996 1351 1099 1392; x_wconf 88' lang='lat' dir='ltr'><strong>senem</strong></span> <span class='ocrx_word' id='word_1_98' title='bbox 1119 1330 1206 1390; x_wconf 89' lang='lat' dir='ltr'><strong>bello</strong></span> <span class='ocrx_word' id='word_1_99' title='bbox 1223 1330 1288 1410; x_wconf 89' lang='lat' dir='ltr'><strong>jam</strong></span> 
     </span>
     <span class='ocr_line' id='line_1_13' title="bbox 238 1402 1289 1497; baseline 0.014 -37"><span class='ocrx_word' id='word_1_100' title='bbox 238 1402 402 1483; x_wconf 88' lang='lat' dir='ltr'><strong>inutilem,</strong></span> <span class='ocrx_word' id='word_1_101' title='bbox 423 1432 485 1471; x_wconf 90' lang='lat' dir='ltr'><strong>esse</strong></span> <span class='ocrx_word' id='word_1_102' title='bbox 504 1417 714 1494; x_wconf 69' lang='lat' dir='ltr'><strong>superstitem</strong></span> <span class='ocrx_word' id='word_1_103' title='bbox 733 1414 880 1496; x_wconf 86' lang='lat' dir='ltr'><strong>juvenem</strong></span> <span class='ocrx_word' id='word_1_104' title='bbox 898 1417 981 1478; x_wconf 87' lang='lat' dir='ltr'><strong>bello</strong></span> <span class='ocrx_word' id='word_1_105' title='bbox 1001 1417 1224 1492; x_wconf 83' lang='lat' dir='ltr'><strong>utilissimum,</strong></span> <span class='ocrx_word' id='word_1_106' title='bbox 1242 1415 1289 1497; x_wconf 88' lang='lat' dir='ltr'><strong>y&#39;a-</strong></span> 
     </span>
     <span class='ocr_line' id='line_1_14' title="bbox 236 1492 1288 1580; baseline 0.015 -32"><span class='ocrx_word' id='word_1_107' title='bbox 236 1492 323 1551; x_wconf 80' lang='lat' dir='ltr'><strong>cere?</strong></span> <span class='ocrx_word' id='word_1_108' title='bbox 337 1497 428 1575; x_wconf 88' lang='lat' dir='ltr'><strong>quale</strong></span> <span class='ocrx_word' id='word_1_109' title='bbox 440 1499 533 1560; x_wconf 86' lang='lat' dir='ltr'><strong>fuisse</strong></span> <span class='ocrx_word' id='word_1_110' title='bbox 544 1503 680 1562; x_wconf 87' lang='lat' dir='ltr'><strong>A&#39;coetem</strong></span> <span class='ocrx_word' id='word_1_111' title='bbox 692 1502 814 1564; x_wconf 87' lang='lat' dir='ltr'><strong>felicem</strong></span> <span class='ocrx_word' id='word_1_112' title='bbox 826 1508 860 1565; x_wconf 92' lang='lat' dir='ltr'><strong>in</strong></span> <span class='ocrx_word' id='word_1_113' title='bbox 874 1519 1017 1566; x_wconf 87' lang='lat' dir='ltr'><strong>anteacta</strong></span> <span class='ocrx_word' id='word_1_114' title='bbox 1034 1508 1116 1580; x_wconf 82' lang='lat' dir='ltr'><strong>vita,</strong></span> <span class='ocrx_word' id='word_1_115' title='bbox 1130 1503 1288 1564; x_wconf 85' lang='lat' dir='ltr'><strong>infelicem</strong></span> 
     </span>
     <span class='ocr_line' id='line_1_15' title="bbox 236 1577 1290 1672; baseline 0.015 -37"><span class='ocrx_word' id='word_1_116' title='bbox 236 1577 271 1635; x_wconf 86' lang='lat' dir='ltr'><strong>in</strong></span> <span class='ocrx_word' id='word_1_117' title='bbox 284 1581 389 1640; x_wconf 82' lang='lat' dir='ltr'><strong>exitu?</strong></span> <span class='ocrx_word' id='word_1_118' title='bbox 409 1587 517 1666; x_wconf 88' lang='lat' dir='ltr'><strong>quale,</strong></span> <span class='ocrx_word' id='word_1_119' title='bbox 529 1590 681 1650; x_wconf 84' lang='lat' dir='ltr'><strong>interesse</strong></span> <span class='ocrx_word' id='word_1_120' title='bbox 695 1591 798 1652; x_wconf 87' lang='lat' dir='ltr'><strong>funeri</strong></span> <span class='ocrx_word' id='word_1_121' title='bbox 813 1591 986 1653; x_wconf 82' lang='lat' dir='ltr'><strong>charissimi</strong></span> <span class='ocrx_word' id='word_1_122' title='bbox 1003 1592 1141 1666; x_wconf 81' lang='lat' dir='ltr'><strong>alumni,</strong></span> <span class='ocrx_word' id='word_1_123' title='bbox 1162 1595 1216 1672; x_wconf 87' lang='lat' dir='ltr'><strong>qul</strong></span> <span class='ocrx_word' id='word_1_124' title='bbox 1229 1611 1290 1672; x_wconf 92' lang='lat' dir='ltr'><strong>pu-</strong></span> 
     </span>
     <span class='ocr_line' id='line_1_16' title="bbox 236 1676 1339 1762; baseline 0.015 -40"><span class='ocrx_word' id='word_1_125' title='bbox 236 1676 354 1726; x_wconf 86' lang='lat' dir='ltr'><strong>taverat</strong></span> <span class='ocrx_word' id='word_1_126' title='bbox 366 1691 397 1728; x_wconf 89' lang='lat' dir='ltr'><strong>se</strong></span> <span class='ocrx_word' id='word_1_127' title='bbox 411 1689 641 1753; x_wconf 87' lang='lat' dir='ltr'><strong>reportaturum</strong></span> <span class='ocrx_word' id='word_1_128' title='bbox 658 1679 748 1740; x_wconf 88' lang='lat' dir='ltr'><strong>illum</strong></span> <span class='ocrx_word' id='word_1_129' title='bbox 762 1681 914 1740; x_wconf 85' lang='lat' dir='ltr'><strong>victorem</strong></span> <span class='ocrx_word' id='word_1_130' title='bbox 929 1680 968 1740; x_wconf 90' lang='lat' dir='ltr'><strong>ad</strong></span> <span class='ocrx_word' id='word_1_131' title='bbox 984 1679 1123 1762; x_wconf 84' lang='lat' dir='ltr'><strong>patrem?</strong></span> <span class='ocrx_word' id='word_1_132' title='bbox 1137 1679 1230 1760; x_wconf 87' lang='lat' dir='ltr'><strong>quale</strong></span> <span class='ocrx_word' id='word_1_133' title='bbox 1241 1681 1289 1738; x_wconf 92' lang='lat' dir='ltr'><strong>in·</strong></span> <span class='ocrx_word' id='word_1_134' title='bbox 1338 1711 1339 1714; x_wconf 36' lang='lat'>¹</span> 
     </span>
     <span class='ocr_line' id='line_1_17' title="bbox 235 1755 1288 1852; baseline 0.018 -41"><span class='ocrx_word' id='word_1_135' title='bbox 235 1755 378 1816; x_wconf 86' lang='lat' dir='ltr'><strong>terfuisse</strong></span> <span class='ocrx_word' id='word_1_136' title='bbox 387 1772 434 1819; x_wconf 90' lang='lat' dir='ltr'><strong>tot</strong></span> <span class='ocrx_word' id='word_1_137' title='bbox 443 1763 534 1823; x_wconf 89' lang='lat' dir='ltr'><strong>bellis</strong></span> <span class='ocrx_word' id='word_1_138' title='bbox 545 1786 664 1847; x_wconf 86' lang='lat' dir='ltr'><strong>semper</strong></span> <span class='ocrx_word' id='word_1_139' title='bbox 674 1768 806 1830; x_wconf 85' lang='lat' dir='ltr'><strong>illaesum</strong></span> <span class='ocrx_word' id='word_1_140' title='bbox 815 1817 823 1846; x_wconf 91' lang='lat'><strong>,</strong></span> <span class='ocrx_word' id='word_1_141' title='bbox 833 1784 864 1830; x_wconf 89' lang='lat' dir='ltr'><strong>et</strong></span> <span class='ocrx_word' id='word_1_142' title='bbox 873 1769 1047 1830; x_wconf 88' lang='lat' dir='ltr'><strong>Pallantem</strong></span> <span class='ocrx_word' id='word_1_143' title='bbox 1058 1771 1163 1852; x_wconf 90' lang='lat' dir='ltr'><strong>primo</strong></span> <span class='ocrx_word' id='word_1_144' title='bbox 1173 1789 1288 1852; x_wconf 77' lang='lat' dir='ltr'><strong>puguae</strong></span> 
     </span>
     <span class='ocr_line' id='line_1_18' title="bbox 237 1840 594 1927; baseline 0.042 -28"><span class='ocrx_word' id='word_1_145' title='bbox 237 1840 287 1900; x_wconf 87' lang='lat' dir='ltr'><strong>die</strong></span> <span class='ocrx_word' id='word_1_146' title='bbox 300 1846 466 1927; x_wconf 91' lang='lat' dir='ltr'><strong>abreptum</strong></span> <span class='ocrx_word' id='word_1_147' title='bbox 478 1852 594 1913; x_wconf 80' lang='lat' dir='ltr'><strong>fuisse?</strong></span> 
     </span>
    </p>

    <p class='ocr_par' dir='ltr' id='par_1_4' title="bbox 139 1926 1289 2206">
     <span class='ocr_line' id='line_1_19' title="bbox 276 1926 1289 2024; baseline 0.019 -37"><span class='ocrx_word' id='word_1_148' title='bbox 276 1926 325 2003; x_wconf 68' lang='grc'><strong>34.</strong></span> <span class='ocrx_word' id='word_1_149' title='bbox 340 1933 485 1997; x_wconf 85' lang='lat' dir='ltr'><strong>Efficitur</strong></span> <span class='ocrx_word' id='word_1_150' title='bbox 497 1961 544 2000; x_wconf 90' lang='lat' dir='ltr'><strong>res</strong></span> <span class='ocrx_word' id='word_1_151' title='bbox 558 1954 625 2002; x_wconf 91' lang='lat' dir='ltr'><strong>tota</strong></span> <span class='ocrx_word' id='word_1_152' title='bbox 638 1945 771 2024; x_wconf 81' lang='lat' dir='ltr'><strong>tragiea3</strong></span> <span class='ocrx_word' id='word_1_153' title='bbox 793 1947 831 2005; x_wconf 91' lang='lat' dir='ltr'><strong>ab</strong></span> <span class='ocrx_word' id='word_1_154' title='bbox 849 1947 941 2006; x_wconf 89' lang='lat' dir='ltr'><strong>turba</strong></span> <span class='ocrx_word' id='word_1_155' title='bbox 958 1947 1150 2006; x_wconf 85' lang='lat' dir='ltr'><strong>famulorum</strong></span> <span class='ocrx_word' id='word_1_156' title='bbox 1169 1961 1202 2007; x_wconf 88' lang='lat' dir='ltr'><strong>et</strong></span> <span class='ocrx_word' id='word_1_157' title='bbox 1212 1947 1289 2006; x_wconf 83' lang='lat' dir='ltr'><strong>Tro·</strong></span> 
     </span>
     <span class='ocr_line' id='line_1_20' title="bbox 232 2015 1289 2118; baseline 0.018 -43"><span class='ocrx_word' id='word_1_158' title='bbox 232 2015 399 2100; x_wconf 84' lang='lat' dir='ltr'><strong>janorum‚</strong></span> <span class='ocrx_word' id='word_1_159' title='bbox 415 2029 469 2107; x_wconf 90' lang='lat' dir='ltr'><strong>qui</strong></span> <span class='ocrx_word' id='word_1_160' title='bbox 484 2045 571 2090; x_wconf 88' lang='lat' dir='ltr'><strong>erant</strong></span> <span class='ocrx_word' id='word_1_161' title='bbox 585 2035 699 2092; x_wconf 84' lang='lat' dir='ltr'><strong>circum</strong></span> <span class='ocrx_word' id='word_1_162' title='bbox 715 2035 847 2096; x_wconf 88' lang='lat' dir='ltr'><strong>cadaver</strong></span> <span class='ocrx_word' id='word_1_163' title='bbox 858 2035 1137 2118; x_wconf 84' lang='lat' dir='ltr'><strong>complorabuudi3</strong></span> <span class='ocrx_word' id='word_1_164' title='bbox 1160 2038 1200 2096; x_wconf 90' lang='lat' dir='ltr'><strong>ab</strong></span> <span class='ocrx_word' id='word_1_165' title='bbox 1216 2035 1289 2095; x_wconf 87' lang='lat' dir='ltr'><strong>llia-</strong></span> 
     </span>
     <span class='ocr_line' id='line_1_21' title="bbox 139 2102 1144 2206; baseline 0.026 -46"><span class='ocrx_word' id='word_1_166' title='bbox 139 2123 141 2128; x_wconf 86' lang='lat'><em>·</em></span> <span class='ocrx_word' id='word_1_167' title='bbox 236 2102 328 2166; x_wconf 91' lang='lat' dir='ltr'><strong>dibus</strong></span> <span class='ocrx_word' id='word_1_168' title='bbox 341 2109 480 2191; x_wconf 86' lang='lat' dir='ltr'><strong>feminis,</strong></span> <span class='ocrx_word' id='word_1_169' title='bbox 496 2117 609 2198; x_wconf 89' lang='lat' dir='ltr'><strong>quihus</strong></span> <span class='ocrx_word' id='word_1_170' title='bbox 622 2121 740 2181; x_wconf 89' lang='lat' dir='ltr'><strong>solutus</strong></span> <span class='ocrx_word' id='word_1_171' title='bbox 753 2125 847 2183; x_wconf 90' lang='lat' dir='ltr'><strong>crinis</strong></span> <span class='ocrx_word' id='word_1_172' title='bbox 859 2124 1034 2206; x_wconf 79' lang='lat' dir='ltr'><strong>lugentium</strong></span> <span class='ocrx_word' id='word_1_173' title='bbox 1047 2145 1144 2186; x_wconf 83' lang='lat' dir='ltr'><strong>more.</strong></span> 
     </span>
    </p>

    <p class='ocr_par' dir='ltr' id='par_1_5' title="bbox 234 2194 1339 2531">
     <span class='ocr_line' id='line_1_22' title="bbox 234 2194 1289 2292; baseline 0.016 -39"><span class='ocrx_word' id='word_1_174' title='bbox 234 2268 240 2274; x_wconf 25' lang='grc' dir='ltr'><strong><em>ι</em></strong></span> <span class='ocrx_word' id='word_1_175' title='bbox 276 2194 325 2255; x_wconf 87' lang='grc'><strong>36.</strong></span> <span class='ocrx_word' id='word_1_176' title='bbox 341 2199 398 2259; x_wconf 80' lang='lat' dir='ltr'><strong>Vix</strong></span> <span class='ocrx_word' id='word_1_177' title='bbox 410 2204 519 2264; x_wconf 83' lang='lat' dir='ltr'><strong>AEneas</strong></span> <span class='ocrx_word' id='word_1_178' title='bbox 535 2205 645 2288; x_wconf 84' lang='lat' dir='ltr'><strong>pedem</strong></span> <span class='ocrx_word' id='word_1_179' title='bbox 657 2211 822 2287; x_wconf 89' lang='lat' dir='ltr'><strong>intulerat,</strong></span> <span class='ocrx_word' id='word_1_180' title='bbox 843 2233 941 2292; x_wconf 92' lang='lat' dir='ltr'><strong>quum</strong></span> <span class='ocrx_word' id='word_1_181' title='bbox 954 2212 991 2271; x_wconf 89' lang='lat' dir='ltr'><strong>ad</strong></span> <span class='ocrx_word' id='word_1_182' title='bbox 1008 2215 1110 2271; x_wconf 86' lang='lat' dir='ltr'><strong>visum</strong></span> <span class='ocrx_word' id='word_1_183' title='bbox 1123 2211 1217 2272; x_wconf 90' lang='lat' dir='ltr'><strong>illum</strong></span> <span class='ocrx_word' id='word_1_184' title='bbox 1231 2231 1289 2270; x_wconf 89' lang='lat' dir='ltr'><strong>no·</strong></span> 
     </span>
     <span class='ocr_line' id='line_1_23' title="bbox 235 2302 1288 2386; baseline 0.018 -44"><span class='ocrx_word' id='word_1_185' title='bbox 235 2303 291 2344; x_wconf 87' lang='lat' dir='ltr'><strong>vus</strong></span> <span class='ocrx_word' id='word_1_186' title='bbox 301 2302 330 2346; x_wconf 87' lang='lat' dir='ltr'><strong>et</strong></span> <span class='ocrx_word' id='word_1_187' title='bbox 339 2311 471 2372; x_wconf 75' lang='lat' dir='ltr'><strong>maguus</strong></span> <span class='ocrx_word' id='word_1_188' title='bbox 481 2303 614 2378; x_wconf 79' lang='lat' dir='ltr'><strong>gemitus</strong></span> <span class='ocrx_word' id='word_1_189' title='bbox 624 2303 776 2378; x_wconf 83' lang='lat' dir='ltr'><strong>exoritur,</strong></span> <span class='ocrx_word' id='word_1_190' title='bbox 788 2305 842 2386; x_wconf 90' lang='lat' dir='ltr'><strong>qui</strong></span> <span class='ocrx_word' id='word_1_191' title='bbox 852 2324 941 2386; x_wconf 81' lang='lat' dir='ltr'><strong>prene</strong></span> <span class='ocrx_word' id='word_1_192' title='bbox 953 2304 992 2363; x_wconf 79' lang='lat' dir='ltr'><strong>ad</strong></span> <span class='ocrx_word' id='word_1_193' title='bbox 1005 2302 1132 2386; x_wconf 82' lang='lat' dir='ltr'><strong>sydera:</strong></span> <span class='ocrx_word' id='word_1_194' title='bbox 1148 2302 1288 2362; x_wconf 89' lang='lat' dir='ltr'><strong>tundunt</strong></span> 
     </span>
     <span class='ocr_line' id='line_1_24' title="bbox 235 2390 1339 2476; baseline 0.015 -43"><span class='ocrx_word' id='word_1_195' title='bbox 235 2395 343 2438; x_wconf 88' lang='lat' dir='ltr'><strong>omnes</strong></span> <span class='ocrx_word' id='word_1_196' title='bbox 360 2397 502 2464; x_wconf 87' lang='lat' dir='ltr'><strong>pectora,</strong></span> <span class='ocrx_word' id='word_1_197' title='bbox 524 2403 554 2448; x_wconf 88' lang='lat' dir='ltr'><strong>et</strong></span> <span class='ocrx_word' id='word_1_198' title='bbox 569 2391 663 2472; x_wconf 83' lang='lat' dir='ltr'><strong>Regia</strong></span> <span class='ocrx_word' id='word_1_199' title='bbox 681 2394 845 2474; x_wconf 78' lang='lat' dir='ltr'><strong>immugit:</strong></span> <span class='ocrx_word' id='word_1_200' title='bbox 868 2393 943 2475; x_wconf 91' lang='lat' dir='ltr'><strong>quid</strong></span> <span class='ocrx_word' id='word_1_201' title='bbox 957 2403 1117 2476; x_wconf 84' lang='lat' dir='ltr'><strong>compares</strong></span> <span class='ocrx_word' id='word_1_202' title='bbox 1133 2413 1209 2452; x_wconf 89' lang='lat' dir='ltr'><strong>cum</strong></span> <span class='ocrx_word' id='word_1_203' title='bbox 1227 2390 1287 2450; x_wconf 92' lang='lat' dir='ltr'><strong>hac</strong></span> <span class='ocrx_word' id='word_1_204' title='bbox 1338 2469 1339 2474; x_wconf 7' lang='grc' dir='ltr'>ἵ</span> 
     </span>
     <span class='ocr_line' id='line_1_25' title="bbox 234 2471 403 2531; baseline 0.047 -8"><span class='ocrx_word' id='word_1_205' title='bbox 234 2471 403 2531; x_wconf 81' lang='lat' dir='ltr'><strong>moestitia?</strong></span> 
     </span>
    </p>
   </div>
   <div class='ocr_carea' id='block_1_3' title="bbox 273 2555 1285 2654">
    <p class='ocr_par' dir='ltr' id='par_1_6' title="bbox 273 2555 1285 2654">
     <span class='ocr_line' id='line_1_26' title="bbox 273 2555 1285 2654; baseline 0.007 -35"><span class='ocrx_word' id='word_1_206' title='bbox 273 2555 321 2635; x_wconf 97' lang='grc'><strong>39</strong></span> <span class='ocrx_word' id='word_1_207' title='bbox 336 2559 383 2618; x_wconf 83' lang='lat' dir='ltr'><strong>Ab</strong></span> <span class='ocrx_word' id='word_1_208' title='bbox 396 2561 529 2624; x_wconf 85' lang='lat' dir='ltr'><strong>aliorum</strong></span> <span class='ocrx_word' id='word_1_209' title='bbox 541 2571 676 2647; x_wconf 70' lang='lat' dir='ltr'><strong>gemitu,</strong></span> <span class='ocrx_word' id='word_1_210' title='bbox 691 2573 855 2648; x_wconf 87' lang='lat' dir='ltr'><strong>tunsione,</strong></span> <span class='ocrx_word' id='word_1_211' title='bbox 869 2569 973 2648; x_wconf 90' lang='lat' dir='ltr'><strong>luctu,</strong></span> <span class='ocrx_word' id='word_1_212' title='bbox 993 2578 1114 2654; x_wconf 83' lang='lat' dir='ltr'><strong>separat</strong></span> <span class='ocrx_word' id='word_1_213' title='bbox 1130 2570 1285 2650; x_wconf 80' lang='lat' dir='ltr'><strong>lacrymas</strong></span> 
     </span>
    </p>
   </div>
   <div class='ocr_carea' id='block_1_4' title="bbox 271 2703 1286 2816">
    <p class='ocr_par' dir='ltr' id='par_1_7' title="bbox 271 2703 1286 2816">
     <span class='ocr_line' id='line_1_27' title="bbox 271 2703 1286 2816; baseline 0.012 -33"><span class='ocrx_word' id='word_1_214' title='bbox 271 2745 313 2796; x_wconf 85' lang='lat'><strong>²9.</strong></span> <span class='ocrx_word' id='word_1_215' title='bbox 331 2703 491 2790; x_wconf 71' lang='lat' dir='ltr'><strong>Ad&#39;limina.</strong></span> <span class='ocrx_word' id='word_1_216' title='bbox 508 2740 620 2796; x_wconf 85' lang='lat' dir='ltr'><strong>Occulte</strong></span> <span class='ocrx_word' id='word_1_217' title='bbox 634 2761 737 2798; x_wconf 82' lang='lat' dir='ltr'><strong>morem</strong></span> <span class='ocrx_word' id='word_1_218' title='bbox 780 2750 939 2802; x_wconf 68' lang='lat' dir='ltr'><strong>remansisse</strong></span> <span class='ocrx_word' id='word_1_219' title='bbox 956 2748 1035 2807; x_wconf 82' lang='lat' dir='ltr'><strong>dixit,</strong></span> <span class='ocrx_word' id='word_1_220' title='bbox 1052 2757 1165 2815; x_wconf 85' lang='lat' dir='ltr'><strong>excepta</strong></span> <span class='ocrx_word' id='word_1_221' title='bbox 1177 2743 1286 2816; x_wconf 77' lang='lat' dir='ltr'><strong>Euryali</strong></span> 
     </span>
    </p>
   </div>
   <div class='ocr_carea' id='block_1_5' title="bbox 223 2811 737 3214">
    <p class='ocr_par' dir='ltr' id='par_1_8' title="bbox 223 2811 737 3214">
     <span class='ocr_line' id='line_1_28' title="bbox 223 2811 737 2891; baseline 0.045 -35"><span class='ocrx_word' id='word_1_222' title='bbox 223 2811 332 2881; x_wconf 76' lang='lat' dir='ltr'><strong>tangit,</strong></span> <span class='ocrx_word' id='word_1_223' title='bbox 342 2827 396 2884; x_wconf 83' lang='lat' dir='ltr'><strong>quo</strong></span> <span class='ocrx_word' id='word_1_224' title='bbox 404 2817 520 2873; x_wconf 84' lang='lat' dir='ltr'><strong>cadaver</strong></span> <span class='ocrx_word' id='word_1_225' title='bbox 528 2821 663 2891; x_wconf 88' lang='lat' dir='ltr'><strong>ablutum,</strong></span> <span class='ocrx_word' id='word_1_226' title='bbox 674 2844 737 2878; x_wconf 92' lang='lat' dir='ltr'><strong>unc·</strong></span> 
     </span>
     <span class='ocr_line' id='line_1_29' title="bbox 233 2898 736 2956; baseline 0.042 -20"><span class='ocrx_word' id='word_1_227' title='bbox 233 2898 303 2956; x_wconf 85' lang='lat' dir='ltr'><strong>tum,</strong></span> <span class='ocrx_word' id='word_1_228' title='bbox 319 2909 478 2950; x_wconf 85' lang='lat' dir='ltr'><strong>coronatum</strong></span> <span class='ocrx_word' id='word_1_229' title='bbox 490 2901 642 2955; x_wconf 82' lang='lat' dir='ltr'><strong>efferebant</strong></span> <span class='ocrx_word' id='word_1_230' title='bbox 658 2905 736 2956; x_wconf 87' lang='lat' dir='ltr'><strong>eubi-</strong></span> 
     </span>
     <span class='ocr_line' id='line_1_30' title="bbox 233 2969 736 3036; baseline 0.04 -18"><span class='ocrx_word' id='word_1_231' title='bbox 233 2969 309 3036; x_wconf 87' lang='lat' dir='ltr'><strong>culo,</strong></span> <span class='ocrx_word' id='word_1_232' title='bbox 323 2985 349 3024; x_wconf 87' lang='lat' dir='ltr'><strong>et</strong></span> <span class='ocrx_word' id='word_1_233' title='bbox 358 2975 386 3026; x_wconf 89' lang='lat' dir='ltr'><strong>in</strong></span> <span class='ocrx_word' id='word_1_234' title='bbox 398 2979 531 3032; x_wconf 84' lang='lat' dir='ltr'><strong>vestibulo</strong></span> <span class='ocrx_word' id='word_1_235' title='bbox 542 2981 639 3035; x_wconf 67' lang='lat' dir='ltr'><strong>adium</strong></span> <span class='ocrx_word' id='word_1_236' title='bbox 651 2984 736 3036; x_wconf 90' lang='lat' dir='ltr'><strong>collo-</strong></span> 
     </span>
     <span class='ocr_line' id='line_1_31' title="bbox 232 3051 735 3136; baseline 0.03 -33"><span class='ocrx_word' id='word_1_237' title='bbox 232 3051 331 3106; x_wconf 87' lang='lat' dir='ltr'><strong>cabant</strong></span> <span class='ocrx_word' id='word_1_238' title='bbox 346 3055 380 3108; x_wconf 87' lang='lat' dir='ltr'><strong>ad</strong></span> <span class='ocrx_word' id='word_1_239' title='bbox 389 3059 500 3127; x_wconf 84' lang='lat' dir='ltr'><strong>januam</strong></span> <span class='ocrx_word' id='word_1_240' title='bbox 514 3063 615 3134; x_wconf 82' lang='lat' dir='ltr'><strong>ipsam,</strong></span> <span class='ocrx_word' id='word_1_241' title='bbox 635 3078 661 3117; x_wconf 87' lang='lat' dir='ltr'><strong>et</strong></span> <span class='ocrx_word' id='word_1_242' title='bbox 674 3068 735 3136; x_wconf 90' lang='lat' dir='ltr'><strong>qui-</strong></span> 
     </span>
     <span class='ocr_line' id='line_1_32' title="bbox 232 3130 735 3214; baseline 0.032 -31"><span class='ocrx_word' id='word_1_243' title='bbox 232 3130 293 3184; x_wconf 83' lang='lat' dir='ltr'><strong>dem</strong></span> <span class='ocrx_word' id='word_1_244' title='bbox 307 3135 423 3206; x_wconf 84' lang='lat' dir='ltr'><strong>pedihus</strong></span> <span class='ocrx_word' id='word_1_245' title='bbox 438 3143 465 3193; x_wconf 92' lang='lat' dir='ltr'><strong>in</strong></span> <span class='ocrx_word' id='word_1_246' title='bbox 482 3143 622 3214; x_wconf 87' lang='lat' dir='ltr'><strong>publicum</strong></span> <span class='ocrx_word' id='word_1_247' title='bbox 637 3150 735 3214; x_wconf 83' lang='lat' dir='ltr'><strong>versis,</strong></span> 
     </span>
    </p>
   </div>
   <div class='ocr_carea' id='block_1_6' title="bbox 231 3215 737 3345">
    <p class='ocr_par' dir='ltr' id='par_1_9' title="bbox 231 3215 737 3345">
     <span class='ocr_line' id='line_1_33' title="bbox 231 3215 737 3340; baseline 0.036 -80"><span class='ocrx_word' id='word_1_248' title='bbox 231 3229 264 3340; x_wconf 58' lang='grc' dir='ltr'><strong>Σο</strong></span> <span class='ocrx_word' id='word_1_249' title='bbox 273 3215 326 3265; x_wconf 85' lang='lat' dir='ltr'><strong>situ</strong></span> <span class='ocrx_word' id='word_1_250' title='bbox 334 3216 480 3273; x_wconf 79' lang='lat' dir='ltr'><strong>abitionem</strong></span> <span class='ocrx_word' id='word_1_251' title='bbox 487 3235 651 3294; x_wconf 81' lang='lat' dir='ltr'><strong>postremam</strong></span> <span class='ocrx_word' id='word_1_252' title='bbox 656 3224 737 3298; x_wconf 76' lang='lat' dir='ltr'><strong>signi·¹</strong></span> 
     </span>
     <span class='ocr_line' id='line_1_34' title="bbox 251 3305 350 3345; baseline 0.02 -3"><span class='ocrx_word' id='word_1_253' title='bbox 251 3305 350 3345; x_wconf 87' lang='lat' dir='ltr'><strong>cantes.</strong></span> 
     </span>
    </p>
   </div>
   <div class='ocr_carea' id='block_1_7' title="bbox 166 3372 734 4087">
    <p class='ocr_par' dir='ltr' id='par_1_10' title="bbox 230 3372 734 3760">
     <span class='ocr_line' id='line_1_35' title="bbox 268 3372 732 3456; baseline 0.039 -35"><span class='ocrx_word' id='word_1_254' title='bbox 268 3372 311 3422; x_wconf 77' lang='lat'><strong>31.</strong></span> <span class='ocrx_word' id='word_1_255' title='bbox 328 3375 457 3430; x_wconf 77' lang='lat' dir='ltr'><strong>Seruahat.</strong></span> <span class='ocrx_word' id='word_1_256' title='bbox 474 3381 547 3436; x_wconf 82' lang='lat' dir='ltr'><strong>Nota</strong></span> <span class='ocrx_word' id='word_1_257' title='bbox 565 3385 660 3450; x_wconf 84' lang='lat' dir='ltr'><strong>ritum,</strong></span> <span class='ocrx_word' id='word_1_258' title='bbox 679 3403 732 3456; x_wconf 83' lang='lat' dir='ltr'><strong>quo</strong></span> 
     </span>
     <span class='ocr_line' id='line_1_36' title="bbox 232 3458 734 3521; baseline 0.036 -22"><span class='ocrx_word' id='word_1_259' title='bbox 232 3467 330 3521; x_wconf 88' lang='lat' dir='ltr'><strong>corpus</strong></span> <span class='ocrx_word' id='word_1_260' title='bbox 342 3469 397 3504; x_wconf 86' lang='lat' dir='ltr'><strong>non</strong></span> <span class='ocrx_word' id='word_1_261' title='bbox 407 3458 488 3510; x_wconf 76' lang='lat' dir='ltr'><strong>modo</strong></span> <span class='ocrx_word' id='word_1_262' title='bbox 500 3463 528 3514; x_wconf 85' lang='lat' dir='ltr'><strong>in</strong></span> <span class='ocrx_word' id='word_1_263' title='bbox 537 3464 670 3516; x_wconf 53' lang='lat' dir='ltr'><strong>uestibulo</strong></span> <span class='ocrx_word' id='word_1_264' title='bbox 685 3464 734 3516; x_wconf 89' lang='lat' dir='ltr'><strong>do-</strong></span> 
     </span>
     <span class='ocr_line' id='line_1_37' title="bbox 231 3531 731 3608; baseline 0.042 -29"><span class='ocrx_word' id='word_1_265' title='bbox 231 3545 290 3580; x_wconf 88' lang='lat' dir='ltr'><strong>mus</strong></span> <span class='ocrx_word' id='word_1_266' title='bbox 306 3531 340 3584; x_wconf 85' lang='lat' dir='ltr'><strong>ad</strong></span> <span class='ocrx_word' id='word_1_267' title='bbox 352 3535 440 3604; x_wconf 90' lang='lat' dir='ltr'><strong>ipsum</strong></span> <span class='ocrx_word' id='word_1_268' title='bbox 452 3537 532 3592; x_wconf 87' lang='lat' dir='ltr'><strong>limen</strong></span> <span class='ocrx_word' id='word_1_269' title='bbox 545 3545 731 3608; x_wconf 67' lang='lat' dir='ltr'><strong>collocabam</strong></span> 
     </span>
     <span class='ocr_line' id='line_1_38' title="bbox 231 3610 733 3698; baseline 0.04 -37"><span class='ocrx_word' id='word_1_270' title='bbox 231 3610 279 3662; x_wconf 85' lang='lat' dir='ltr'><strong>se&#39;d</strong></span> <span class='ocrx_word' id='word_1_271' title='bbox 287 3612 459 3667; x_wconf 77' lang='lat' dir='ltr'><strong>collocationi</strong></span> <span class='ocrx_word' id='word_1_272' title='bbox 465 3621 678 3677; x_wconf 76' lang='lat' dir='ltr'><strong>etiamcustodem</strong></span> <span class='ocrx_word' id='word_1_273' title='bbox 685 3645 733 3698; x_wconf 86' lang='lat' dir='ltr'><strong>ap-</strong></span> 
     </span>
     <span class='ocr_line' id='line_1_39' title="bbox 230 3693 378 3760; baseline 0.034 -21"><span class='ocrx_word' id='word_1_274' title='bbox 230 3693 378 3760; x_wconf 87' lang='lat' dir='ltr'><strong>ponebant.</strong></span> 
     </span>
    </p>

    <p class='ocr_par' dir='ltr' id='par_1_11' title="bbox 166 3768 734 4087">
     <span class='ocr_line' id='line_1_40' title="bbox 263 3768 731 3838; baseline 0.041 -18"><span class='ocrx_word' id='word_1_275' title='bbox 263 3768 309 3822; x_wconf 76' lang='lat'><strong>85.</strong></span> <span class='ocrx_word' id='word_1_276' title='bbox 322 3772 418 3826; x_wconf 83' lang='lat' dir='ltr'><strong>Iliades</strong></span> <span class='ocrx_word' id='word_1_277' title='bbox 432 3779 528 3831; x_wconf 72' lang='lat' dir='ltr'><strong>crium</strong></span> <span class='ocrx_word' id='word_1_278' title='bbox 540 3781 571 3836; x_wconf 82' lang='lat' dir='ltr'><strong>de</strong></span> <span class='ocrx_word' id='word_1_279' title='bbox 581 3801 652 3836; x_wconf 76' lang='lat' dir='ltr'><strong>more</strong></span> <span class='ocrx_word' id='word_1_280' title='bbox 662 3785 731 3838; x_wconf 83' lang='lat' dir='ltr'><strong>solu·</strong></span> 
     </span>
     <span class='ocr_line' id='line_1_41' title="bbox 166 3851 732 3938; baseline 0.039 -42"><span class='ocrx_word' id='word_1_281' title='bbox 166 3909 171 3912; x_wconf 16' lang='grc' dir='ltr'>η</span> <span class='ocrx_word' id='word_1_282' title='bbox 231 3859 271 3900; x_wconf 85' lang='lat' dir='ltr'><strong>toe.</strong></span> <span class='ocrx_word' id='word_1_283' title='bbox 285 3851 339 3902; x_wconf 90' lang='lat' dir='ltr'><strong>Has</strong></span> <span class='ocrx_word' id='word_1_284' title='bbox 351 3856 439 3907; x_wconf 81' lang='lat' dir='ltr'><strong>AEneae</strong></span> <span class='ocrx_word' id='word_1_285' title='bbox 452 3859 591 3914; x_wconf 84' lang='lat' dir='ltr'><strong>ancillulas</strong></span> <span class='ocrx_word' id='word_1_286' title='bbox 606 3863 732 3938; x_wconf 78' lang='lat' dir='ltr'><strong>intelligi-</strong></span> 
     </span>
     <span class='ocr_line' id='line_1_42' title="bbox 229 3937 731 4010; baseline 0.04 -33"><span class='ocrx_word' id='word_1_287' title='bbox 229 3943 290 3978; x_wconf 85' lang='lat' dir='ltr'><strong>mus</strong></span> <span class='ocrx_word' id='word_1_288' title='bbox 300 3951 305 3979; x_wconf 92' lang='lat'><strong>:</strong></span> <span class='ocrx_word' id='word_1_289' title='bbox 319 3949 381 3984; x_wconf 88' lang='lat' dir='ltr'><strong>nam</strong></span> <span class='ocrx_word' id='word_1_290' title='bbox 389 3937 614 3993; x_wconf 84' lang='lat' dir='ltr'><strong>omneshouestas</strong></span> <span class='ocrx_word' id='word_1_291' title='bbox 624 3957 731 4010; x_wconf 86' lang='lat' dir='ltr'><strong>matres,</strong></span> 
     </span>
     <span class='ocr_line' id='line_1_43' title="bbox 232 4003 734 4087; baseline 0.04 -30"><span class='ocrx_word' id='word_1_292' title='bbox 232 4003 734 4087; x_wconf 57' lang='lat' dir='ltr'><strong>hoccstmiulieresuobiles,iuSicilia</strong></span> 
     </span>
    </p>
   </div>
   <div class='ocr_carea' id='block_1_8' title="bbox 775 2822 1339 4096">
    <p class='ocr_par' dir='ltr' id='par_1_12' title="bbox 778 2822 1286 3292">
     <span class='ocr_line' id='line_1_44' title="bbox 780 2822 1285 2900; baseline -0.01 -21"><span class='ocrx_word' id='word_1_293' title='bbox 780 2840 881 2894; x_wconf 84' lang='lat' dir='ltr'><strong>matre,</strong></span> <span class='ocrx_word' id='word_1_294' title='bbox 901 2828 934 2880; x_wconf 88' lang='lat' dir='ltr'><strong>de</strong></span> <span class='ocrx_word' id='word_1_295' title='bbox 954 2846 1007 2900; x_wconf 88' lang='lat' dir='ltr'><strong>qua</strong></span> <span class='ocrx_word' id='word_1_296' title='bbox 1020 2827 1132 2898; x_wconf 74' lang='lat' dir='ltr'><strong>legimus</strong></span> <span class='ocrx_word' id='word_1_297' title='bbox 1147 2822 1201 2890; x_wconf 80' lang='lat' dir='ltr'><strong>IX,</strong></span> <span class='ocrx_word' id='word_1_298' title='bbox 1221 2840 1285 2892; x_wconf 83' lang='lat'><strong>217,</strong></span> 
     </span>
     <span class='ocr_line' id='line_1_45' title="bbox 783 2903 1285 2978; baseline -0.014 -19"><span class='ocrx_word' id='word_1_299' title='bbox 783 2931 794 2954; x_wconf 72' lang='lat' dir='ltr'><strong>a</strong></span> <span class='ocrx_word' id='word_1_300' title='bbox 804 2907 869 2976; x_wconf 84' lang='lat' dir='ltr'><strong>Quae</strong></span> <span class='ocrx_word' id='word_1_301' title='bbox 876 2904 980 2972; x_wconf 78' lang='lat' dir='ltr'><strong>tesola,</strong></span> <span class='ocrx_word' id='word_1_302' title='bbox 988 2921 1065 2978; x_wconf 88' lang='lat' dir='ltr'><strong>puer,</strong></span> <span class='ocrx_word' id='word_1_303' title='bbox 1071 2903 1162 2956; x_wconf 82' lang='lat' dir='ltr'><strong>multis</strong></span> <span class='ocrx_word' id='word_1_304' title='bbox 1170 2923 1185 2956; x_wconf 87' lang='lat' dir='ltr'><strong>e</strong></span> <span class='ocrx_word' id='word_1_305' title='bbox 1193 2903 1285 2954; x_wconf 83' lang='lat' dir='ltr'><strong>matri·</strong></span> 
     </span>
     <span class='ocr_line' id='line_1_46' title="bbox 779 2983 1286 3056; baseline -0.012 -17"><span class='ocrx_word' id='word_1_306' title='bbox 779 2986 830 3038; x_wconf 88' lang='lat' dir='ltr'><strong>hus</strong></span> <span class='ocrx_word' id='word_1_307' title='bbox 839 3005 903 3038; x_wconf 85' lang='lat' dir='ltr'><strong>ausa</strong></span> <span class='ocrx_word' id='word_1_308' title='bbox 910 2986 1089 3056; x_wconf 87' lang='lat' dir='ltr'><strong>Persequitur.</strong></span> <span class='ocrx_word' id='word_1_309' title='bbox 1100 3005 1112 3029; x_wconf 74' lang='lat' dir='ltr'><strong>s</strong></span> <span class='ocrx_word' id='word_1_310' title='bbox 1126 2983 1232 3034; x_wconf 76' lang='lat' dir='ltr'><strong>crinem</strong></span> <span class='ocrx_word' id='word_1_311' title='bbox 1240 2996 1286 3034; x_wconf 86' lang='lat' dir='ltr'><strong>au·</strong></span> 
     </span>
     <span class='ocr_line' id='line_1_47' title="bbox 779 3061 1284 3138; baseline -0.012 -21"><span class='ocrx_word' id='word_1_312' title='bbox 779 3077 833 3118; x_wconf 86' lang='lat' dir='ltr'><strong>tem</strong></span> <span class='ocrx_word' id='word_1_313' title='bbox 850 3066 953 3132; x_wconf 74' lang='lat' dir='ltr'><strong>solutae,</strong></span> <span class='ocrx_word' id='word_1_314' title='bbox 971 3065 1100 3138; x_wconf 71' lang='lat' dir='ltr'><strong>&#39;ligur-ate,</strong></span> <span class='ocrx_word' id='word_1_315' title='bbox 1120 3076 1150 3114; x_wconf 87' lang='lat' dir='ltr'><strong>ut</strong></span> <span class='ocrx_word' id='word_1_316' title='bbox 1166 3085 1178 3108; x_wconf 79' lang='grc' dir='ltr'><strong><em>α</em></strong></span> <span class='ocrx_word' id='word_1_317' title='bbox 1188 3061 1284 3134; x_wconf 63' lang='lat' dir='ltr'><strong>palmis</strong></span> 
     </span>
     <span class='ocr_line' id='line_1_48' title="bbox 778 3141 1284 3218; baseline -0.016 -20"><span class='ocrx_word' id='word_1_318' title='bbox 778 3157 906 3218; x_wconf 84' lang='lat' dir='ltr'><strong>percussa</strong></span> <span class='ocrx_word' id='word_1_319' title='bbox 913 3147 1036 3198; x_wconf 84' lang='lat' dir='ltr'><strong>lacertos.</strong></span> <span class='ocrx_word' id='word_1_320' title='bbox 1047 3146 1091 3198; x_wconf 80' lang='lat' dir='ltr'><strong>»S.</strong></span> <span class='ocrx_word' id='word_1_321' title='bbox 1098 3141 1205 3195; x_wconf 78' lang='lat' dir='ltr'><strong>-Vide</strong></span> <span class='ocrx_word' id='word_1_322' title='bbox 1212 3142 1284 3194; x_wconf 85' lang='lat' dir='ltr'><strong>hunc</strong></span> 
     </span>
     <span class='ocr_line' id='line_1_49' title="bbox 779 3221 1182 3292; baseline -0.01 -14"><span class='ocrx_word' id='word_1_323' title='bbox 779 3243 899 3292; x_wconf 73' lang='lat' dir='ltr'><strong>versum,</strong></span> <span class='ocrx_word' id='word_1_324' title='bbox 912 3227 958 3278; x_wconf 91' lang='lat' dir='ltr'><strong>lih.</strong></span> <span class='ocrx_word' id='word_1_325' title='bbox 971 3228 1008 3278; x_wconf 89' lang='lat' dir='ltr'><strong>Ill</strong></span> <span class='ocrx_word' id='word_1_326' title='bbox 1020 3223 1123 3278; x_wconf 75' lang='lat' dir='ltr'><strong>AEneitl.</strong></span> <span class='ocrx_word' id='word_1_327' title='bbox 1137 3221 1182 3276; x_wconf 85' lang='lat'><strong>65.</strong></span> 
     </span>
    </p>

    <p class='ocr_par' dir='ltr' id='par_1_13' title="bbox 775 3305 1339 4108">
     <span class='ocr_line' id='line_1_50' title="bbox 813 3305 1284 3378; baseline -0.017 -18"><span class='ocrx_word' id='word_1_328' title='bbox 813 3309 855 3378; x_wconf 87' lang='lat'><strong>39.</strong></span> <span class='ocrx_word' id='word_1_329' title='bbox 873 3309 952 3361; x_wconf 82' lang='lat' dir='ltr'><strong>Nivei</strong></span> <span class='ocrx_word' id='word_1_330' title='bbox 968 3306 1106 3358; x_wconf 78' lang='lat' dir='ltr'><strong>Pallantis.</strong></span> <span class='ocrx_word' id='word_1_331' title='bbox 1124 3305 1192 3355; x_wconf 83' lang='lat' dir='ltr'><strong>Late</strong></span> <span class='ocrx_word' id='word_1_332' title='bbox 1209 3309 1284 3374; x_wconf 75' lang='lat' dir='ltr'><strong>patet</strong></span> 
     </span>
     <span class='ocr_line' id='line_1_51' title="bbox 777 3385 1283 3459; baseline -0.012 -21"><span class='ocrx_word' id='word_1_333' title='bbox 777 3386 830 3438; x_wconf 88' lang='lat' dir='ltr'><strong>hoc</strong></span> <span class='ocrx_word' id='word_1_334' title='bbox 839 3387 993 3459; x_wconf 80' lang='lat' dir='ltr'><strong>epitheton:</strong></span> <span class='ocrx_word' id='word_1_335' title='bbox 1006 3387 1103 3439; x_wconf 82' lang='lat' dir='ltr'><strong>referri</strong></span> <span class='ocrx_word' id='word_1_336' title='bbox 1112 3385 1184 3436; x_wconf 85' lang='lat' dir='ltr'><strong>enim</strong></span> <span class='ocrx_word' id='word_1_337' title='bbox 1193 3395 1283 3454; x_wconf 84' lang='lat' dir='ltr'><strong>potest</strong></span> 
     </span>
     <span class='ocr_line' id='line_1_52' title="bbox 779 3463 1339 3538; baseline -0.011 -20"><span class='ocrx_word' id='word_1_338' title='bbox 779 3479 804 3518; x_wconf 87' lang='lat' dir='ltr'><strong>et</strong></span> <span class='ocrx_word' id='word_1_339' title='bbox 819 3466 853 3518; x_wconf 81' lang='lat' dir='ltr'><strong>ad</strong></span> <span class='ocrx_word' id='word_1_340' title='bbox 867 3467 1012 3520; x_wconf 80' lang='lat' dir='ltr'><strong>candorem</strong></span> <span class='ocrx_word' id='word_1_341' title='bbox 1026 3465 1145 3537; x_wconf 72' lang='lat' dir='ltr'><strong>pristina</strong></span> <span class='ocrx_word' id='word_1_342' title='bbox 1159 3463 1282 3534; x_wconf 84' lang='lat' dir='ltr'><strong>pulchri·</strong></span> <span class='ocrx_word' id='word_1_343' title='bbox 1338 3531 1339 3538; x_wconf 10' lang='grc' dir='ltr'>ἵ</span> 
     </span>
     <span class='ocr_line' id='line_1_53' title="bbox 778 3545 1282 3618; baseline -0.012 -19"><span class='ocrx_word' id='word_1_344' title='bbox 778 3547 892 3616; x_wconf 83' lang='lat' dir='ltr'><strong>tudinis,</strong></span> <span class='ocrx_word' id='word_1_345' title='bbox 909 3560 936 3599; x_wconf 90' lang='lat' dir='ltr'><strong>et</strong></span> <span class='ocrx_word' id='word_1_346' title='bbox 952 3545 987 3600; x_wconf 76' lang='lat' dir='ltr'><strong>ad</strong></span> <span class='ocrx_word' id='word_1_347' title='bbox 1002 3545 1135 3618; x_wconf 85' lang='lat' dir='ltr'><strong>pallorem</strong></span> <span class='ocrx_word' id='word_1_348' title='bbox 1149 3561 1182 3595; x_wconf 86' lang='lat' dir='ltr'><strong>ex</strong></span> <span class='ocrx_word' id='word_1_349' title='bbox 1197 3553 1282 3594; x_wconf 81' lang='lat' dir='ltr'><strong>morte</strong></span> 
     </span>
     <span class='ocr_line' id='line_1_54' title="bbox 776 3623 1281 3703; baseline -0.01 -25"><span class='ocrx_word' id='word_1_350' title='bbox 776 3627 942 3691; x_wconf 61' lang='lat' dir='ltr'><strong>uenientem,</strong></span> <span class='ocrx_word' id='word_1_351' title='bbox 951 3639 976 3679; x_wconf 87' lang='lat' dir='ltr'><strong>et</strong></span> <span class='ocrx_word' id='word_1_352' title='bbox 984 3625 1125 3703; x_wconf 69' lang='lat' dir='ltr'><strong>adirigus,</strong></span> <span class='ocrx_word' id='word_1_353' title='bbox 1137 3623 1214 3694; x_wconf 83' lang='lat' dir='ltr'><strong>quod</strong></span> <span class='ocrx_word' id='word_1_354' title='bbox 1220 3633 1281 3699; x_wconf 78' lang='lat' dir='ltr'><strong>pre·</strong></span> 
     </span>
     <span class='ocr_line' id='line_1_55' title="bbox 775 3703 1299 3778; baseline -0.015 -19"><span class='ocrx_word' id='word_1_355' title='bbox 775 3709 864 3778; x_wconf 82' lang='lat' dir='ltr'><strong>prium</strong></span> <span class='ocrx_word' id='word_1_356' title='bbox 878 3703 1046 3758; x_wconf 74' lang='lat' dir='ltr'><strong>mortuorum</strong></span> <span class='ocrx_word' id='word_1_357' title='bbox 1060 3714 1117 3758; x_wconf 87' lang='lat' dir='ltr'><strong>est&#39;:</strong></span> <span class='ocrx_word' id='word_1_358' title='bbox 1128 3717 1173 3770; x_wconf 89' lang='lat' dir='ltr'><strong>nt,</strong></span> <span class='ocrx_word' id='word_1_359' title='bbox 1196 3703 1280 3756; x_wconf 73' lang='lat' dir='ltr'><strong>«Gor-</strong></span> <span class='ocrx_word' id='word_1_360' title='bbox 1296 3735 1299 3741; x_wconf 88' lang='lat'><em>-</em></span> 
     </span>
     <span class='ocr_line' id='line_1_56' title="bbox 775 3787 1339 3860; baseline -0.012 -22"><span class='ocrx_word' id='word_1_361' title='bbox 775 3787 1277 3860; x_wconf 57' lang='lat' dir='ltr'><strong>pnsquelavantlrigehtisetungunt.»</strong></span> <span class='ocrx_word' id='word_1_362' title='bbox 1338 3835 1339 3846; x_wconf 50' lang='lat'><strong>,</strong></span> 
     </span>
     <span class='ocr_line' id='line_1_57' title="bbox 776 3861 1339 3937; baseline -0.011 -20"><span class='ocrx_word' id='word_1_363' title='bbox 776 3866 880 3917; x_wconf 81' lang='lat' dir='ltr'><strong>-Levi</strong></span> <span class='ocrx_word' id='word_1_364' title='bbox 893 3867 921 3916; x_wconf 78' lang='lat' dir='ltr'><strong>&#39;in</strong></span> <span class='ocrx_word' id='word_1_365' title='bbox 935 3875 1045 3937; x_wconf 82' lang='lat' dir='ltr'><strong>pectore.</strong></span> <span class='ocrx_word' id='word_1_366' title='bbox 1061 3861 1193 3930; x_wconf 70' lang='lat' dir='ltr'><strong>Pulchro,</strong></span> <span class='ocrx_word' id='word_1_367' title='bbox 1213 3875 1279 3934; x_wconf 87' lang='lat' dir='ltr'><strong>pue·</strong></span> <span class='ocrx_word' id='word_1_368' title='bbox 1338 3897 1339 3902; x_wconf 65' lang='lat'><strong>,</strong></span> 
     </span>
     <span class='ocr_line' id='line_1_58' title="bbox 776 3943 1279 4011; baseline -0.01 -14"><span class='ocrx_word' id='word_1_369' title='bbox 776 3943 834 4011; x_wconf 86' lang='lat' dir='ltr'><strong>rili,</strong></span> <span class='ocrx_word' id='word_1_370' title='bbox 851 3943 971 3996; x_wconf 86' lang='lat' dir='ltr'><strong>nondum</strong></span> <span class='ocrx_word' id='word_1_371' title='bbox 985 3957 1083 3997; x_wconf 87' lang='lat' dir='ltr'><strong>setoso.</strong></span> <span class='ocrx_word' id='word_1_372' title='bbox 1096 3943 1123 3996; x_wconf 83' lang='lat' dir='ltr'><strong>S.</strong></span> <span class='ocrx_word' id='word_1_373' title='bbox 1137 3973 1172 3982; x_wconf 91' lang='lat'>-</span> <span class='ocrx_word' id='word_1_374' title='bbox 1184 3944 1279 3995; x_wconf 82' lang='lat' dir='ltr'><strong>Patens</strong></span> 
     </span>
     <span class='ocr_line' id='line_1_59' title="bbox 778 4019 1278 4096; baseline -0.014 -20"><span class='ocrx_word' id='word_1_375' title='bbox 778 4025 805 4076; x_wconf 84' lang='lat' dir='ltr'><strong>in</strong></span> <span class='ocrx_word' id='word_1_376' title='bbox 815 4035 918 4096; x_wconf 80' lang='lat' dir='ltr'><strong>pectore</strong></span> <span class='ocrx_word' id='word_1_377' title='bbox 929 4023 1031 4077; x_wconf 80' lang='lat' dir='ltr'><strong>vulnus.</strong></span> <span class='ocrx_word' id='word_1_378' title='bbox 1044 4021 1170 4094; x_wconf 81' lang='lat' dir='ltr'><strong>Ampium</strong></span> <span class='ocrx_word' id='word_1_379' title='bbox 1183 4019 1278 4075; x_wconf 81' lang='lat' dir='ltr'><strong>vulnus</strong></span> 
     </span>
    </p>
   </div>
   <div class='ocr_carea' id='block_1_9' title="bbox 0 0 1356 4582">
    <p class='ocr_par' dir='ltr' id='par_1_14' title="bbox 0 0 1356 4582">
     <span class='ocr_line' id='line_1_60' title="bbox 0 0 1356 4582; baseline 0 2"><span class='ocrx_word' id='word_1_380' title='bbox 0 0 1356 4582; x_wconf 95' lang='lat' dir='ltr'><strong> </strong></span> 
     </span>
    </p>
   </div>
  </div>
 </body>
</html>
