2654 4590
214 303 256 379 46
501 341 521 376 t,
543 281 922 359 COMMENTARI'A

214 437 284 480 rum
295 421 423 499 Lycum.
435 415 482 475 Ad
493 415 579 496 quod
590 416 801 498 spectaculum
812 415 1114 480 clamortolliturtot
1123 417 1293 480 millium

214 505 439 589 spectantium:
455 505 532 584 quin
545 501 609 584 jam
623 503 804 564 audaciores
818 504 906 579 facti,
922 507 1075 566 invadunt
1088 525 1211 568 ornnes
1228 531 1295 588 ag-

213 595 373 666 minatim3
394 601 423 652 et
441 591 537 652 fossas
554 593 711 675 complent
730 605 852 676 aggesta
870 609 965 670 terra3
985 598 1014 654 vi
1035 597 1228 679 expeditior
1249 597 1293 656 fit

213 685 313 745 aditus
329 681 365 740 ad
382 697 494 738 muros.

255 773 433 842 568sSecuti
449 769 592 829 videlicet
605 773 778 853 exemplum
791 771 969 855 Turni,·qui
984 775 1101 856 primus
1115 778 1291 835 omnium

213 864 369 926 ardentem
391 860 535 940 lampada
557 861 709 940 conjecit:
731 876 760 921 et
781 873 855 922 nota
876 867 1116 946 proprietatem3
1137 867 1291 925 Turnus

212 948 348 1034 conjecit:
362 947 394 1006 hi
409 948 512 1028 plures
518 945 649 1030 jactant,
663 948 757 1008 verbo
770 947 1015 1031 frequentativo,
1029 971 1091 1034 quo
1104 953 1289 1034 intelligas

211 1042 302 1106 δαλοὺς
314 1039 448 1116 Septicia,
464 1049 498 1096 ut
509 1037 650 1118 loquitur
664 1039 758 1098 Hom.
763 1039 930 1122 frequentes
935 1037 1065 1124 faculas.

252 1127 319 1206 569.
335 1127 381 1184 En
393 1122 458 1204 jam
473 1127 557 1185 varia
573 1147 685 1206 genera
705 1127 853 1204 caedium,
874 1141 904 1188 et
918 1119 1023 1210 quales
1046 1125 1201 1190 credibile
1229 1143 1288 1188 est

210 1217 303 1277 fuisse
316 1217 349 1274 in
364 1213 526 1274 obsidione
539 1216 701 1295 pertinaci.
715 1215 844 1275 Ferebat
859 1219 945 1298 ignes
957 1219 1098 1294 Lucetius
1111 1215 1267 1277 Rutulus
1275 1239 1285 1292 3

210 1306 317 1386 etjam
334 1301 419 1362 urhis
434 1316 554 1384 portam
569 1301 766 1378 ascendebat:
781 1304 830 1364 sed
846 1319 913 1364 tunt
925 1305 1072 1364 sternitur
1084 1303 1123 1364 ab
1138 1303 1284 1366 llioneo

210 1392 329 1475 ingenti
350 1389 468 1472 lapide,
491 1389 643 1470 quemad
664 1392 890 1452 incrementum
909 1405 998 1452 vocat
1018 1409 1136 1466 suum,
1160 1394 1283 1452 immo

202 1486 344 1570 fmqmett
355 1483 469 1540 montis.
720 1561 721 1566 Ἰ

250 1570 316 1652 571.
330 1567 472 1628 Ludebat
485 1567 612 1628 fortuna
625 1569 657 1627 in
672 1567 732 1628 hoc
746 1567 849 1654 bello:
866 1579 1013 1630 straverat
1022 1570 1180 1650 Trojanus
1191 1569 1284 1630 nina

208 1685 285 1724 neus
299 1659 450 1720 Rutulum
463 1656 638 1734 hominem3
652 1681 689 1719 en
701 1659 766 1740 jam
782 1661 912 1720 Rutulus
927 1663 1017 1742 Liger
1031 1661 1140 1720 sternit
1154 1657 1285 1742 Troja-

208 1771 285 1811 num
293 1744 493 1822 Emathiona,
499 1745 1277 1830 sicutetAsylasTrojanumquoquesshorinaeum:

209 1859 296 1902 arma
310 1839 333 1896 si
355 1851 487 1916 quaeras,
506 1839 608 1917 Ligeri
626 1837 686 1897 fuit
700 1839 856 1918 jaculum3
875 1839 973 1920 Asylae
993 1841 1116 1920 sagitta,
1139 1836 1180 1896 de
1201 1859 1279 1918 qua

209 1929 289 1988 mire
298 1924 433 1997 dictum,
450 1921 662 2007 loupefoiiens.
677 1926 756 1984 Vide
768 1941 876 1986 notam
890 1926 982 1986 infra.

250 2017 316 2098 573.
328 2012 418 2073 uedu
427 2012 483 2072 fati
494 2013 690 2074 vicissitudo:
704 2037 775 2074 nam
787 2015 939 2097 Troianus
951 2013 1079 2084 Caeneus
1091 2013 1278 2096 Ortygium

208 2104 322 2166 ltalurn
345 2102 470 2160 sternit:
493 2101 544 2160 sed
567 2102 669 2162 Caenei
693 2117 911 2164 momentanea
931 2103 997 2164 fuit·
1012 2102 1161 2176 victoria3
1186 2123 1276 2162 nam

208 2191 298 2252 illum
309 2189 447 2266 Turnus,
458 2191 511 2270 qui
523 2203 628 2249 tamen
639 2189 696 2252 hac
706 2192 788 2252 caede
797 2213 862 2253 non
873 2201 1051 2264 contentus,
1063 2189 1140 2248 alios
1151 2185 1277 2271 adjun-

206 2348 329 2388 nostrum
351 2335 546 2404 comparationi
568 2354 634 2402 suae,
654 2352 708 2406 prae
753 2355 807 2408 gua
823 2337 961 2408 Diespiter,
982 2333 1081 2400 idest,
1100 2331 1273 2404 dieipater.

206 2415 266 2482 illa,
278 2433 333 2464 non
346 2411 432 2464 solum
443 2430 540 2464 sonum
550 2427 576 2466 et
588 2417 709 2484 majesta·
754 2419 894 2482 Horatius,
906 2439 917 2462 ιι
927 2416 1049 2485 Namque
1060 2413 1197 2484 Diespiter
1204 2415 1274 2485 ple·

205 2509 273 2560 tem,
284 2489 421 2545 sedetiam
433 2494 548 2544 animam
559 2493 708 2559 addidisse,
754 2515 864 2570 rumque
876 2514 925 2568 per
941 2511 1039 2566 purum
1057 2505 1182 2546 tonantes
1200 2495 1274 2568 Egit

206 2576 273 2628 nulli
284 2570 438 2626 Graecorum
448 2572 602 2640 imitabilia,
613 2588 664 2626 ete.
677 2575 707 2626 Τ.
754 2596 846 2648 equos.
860 2601 870 2624 n
885 2577 954 2628 Serv.

243 2653 303 2720 564.
316 2650 434 2702 Sustulit.
448 2651 572 2704 Similiter
580 2651 669 2705 toliere
676 2653 709 2706 de
791 2657 851 2726 572.
865 2657 953 2728 Longe
954 2653 1070 2727 fallente
1077 2652 1182 2724 sagitta.
1192 2652 1272 2708 Mire

207 2745 286 2804 raptu
307 2733 409 2795 avium,
427 2733 490 2801 quia
509 2731 583 2802 quod
601 2737 709 2804 rapiunt
755 2735 870 2804 dictum,
887 2739 950 2806 quia
965 2735 1054 2806 lotape,
1068 2732 1129 2784 ideo
1139 2731 1269 2804 fallens:

207 2831 297 2868 secum
321 2813 349 2863 in
375 2827 463 2863 aerem
485 2811 596 2879 tollunt,
627 2817 710 2868 utitur
755 2815 1138 2887 quumresagiturcominns‚
1153 2827 1271 2866 nonest

205 2894 331 2946 Phaedrus
351 2891 419 2944 rab:
439 2893 465 2956 1,
485 2893 532 2946 28:
556 2894 707 2966 «Vulpinos
753 2893 1104 2959 loeusfraudi;·nsmrides
1117 2893 1270 2964 cuspidem

206 2971 409 3042 catulosaquils
420 2971 705 3042 piendam-sustulit.»
753 2991 847 3030 contra
864 2991 889 3030 te
907 2976 1080 3046 dispositam:
1095 2989 1179 3043 quum
1193 2977 1268 3026 emi-

204 3058 292 3108 Emm.
301 3053 415 3104 -Jou's
425 3053 546 3126 anniper.
557 3054 628 3120 Quia
640 3054 708 3106 dici·
752 3075 817 3122 nus,
837 3071 893 3108 tum
907 3070 933 3108 te
949 3055 1047 3108 fallant
1064 3068 1140 3106 arma
1154 3053 1264 3106 hostis:

182 3139 185 3145 ’
206 3152 249 3192 tur
261 3134 371 3188 inbelle
384 3135 527 3206 Gigantum
540 3135 638 3205 Aquila
647 3137 708 3187 Jovi
751 3139 849 3190 fallunt
862 3140 955 3202 etiarn,
976 3139 1039 3206 quia
1056 3137 1093 3200 is,
1113 3137 1159 3204 qui
1178 3134 1265 3208 longe

206 3235 281 3270 arma
292 3215 468 3281 ministrasse,
480 3213 553 3284 quod
562 3227 651 3266 tamen
660 3215 708 3266 iin-
752 3231 792 3269 est
805 3239 820 3270 a
829 3217 980 3288 jaculante,
991 3227 1068 3286 putat
1080 3231 1150 3284 sape
1163 3232 1193 3265 se
1203 3233 1265 3267 non

206 3299 284 3370 gitur.
302 3295 396 3344 Horat.
409 3291 456 3344 lib.
469 3291 512 3360 IV,
531 3293 620 3360 odd,
640 3314 664 3346 v.
681 3312 707 3360 t,
753 3295 958 3368 assequendum.
990 3293 1033 3344 nd
1057 3311 1116 3344 eum
1144 3293 1264 3346 modum

206 3378 307 3449 pariter
326 3373 405 3438 dixit,
424 3373 571 3426 ministrum
582 3373 708 3446 fulminis
746 3378 851 3430 ¹Statius
859 3373 944 3427 Theb.
952 3371 1015 3425 Vll:
1029 3373 1102 3444 altys
1110 3371 1264 3426 insidiante

207 3455 306 3507 alitem.
322 3481 356 3490 —-
373 3451 485 3522 Raput't,·
505 3455 626 3522 quaesite;
646 3475 708 3507 nam
753 3459 881 3528 sagittas
903 3457 964 3507 Non
983 3455 1095 3504 multum
1114 3453 1171 3506 abit
1191 3453 1264 3506 illud

206 3533 264 3605 lupi
275 3531 384 3604 proprie
398 3543 459 3580 sunt
471 3544 600 3601 raptores.
752 3539 831 3608 Prop.
845 3538 893 3599 lll,
917 3535 963 3598 14:
985 3556 995 3578 a
1006 3533 1071 3584 Cum
1084 3531 1139 3603 pila
1148 3533 1267 3610 veloces

243 3615 302 3683 570.
321 3607 464 3662 lucetium.
485 3607 574 3662 Solum
590 3613 643 3666 hoc
661 3634 708 3667 no·
751 3615 821 3668 fallit
833 3635 881 3688 per
891 3613 1003 3666 brachia
1012 3615 1109 3682 jactus.
1122 3636 1133 3658 »ι
1156 3609 1188 3663 ld
1204 3625 1262 3680 est,

207 3711 267 3744 men
279 3703 332 3754 est,
352 3688 425 3760 quod
440 3688 539 3740 dictum
553 3709 568 3741 a
579 3693 706 3766 Virgilio,
751 3694 821 3766 pila,
834 3712 914 3764 quum
921 3693 1034 3762 jacitur,
1046 3691 1151 3762 longius
1160 3710 1261 3761 proce·

208 3769 304 3825 anullo
314 3769 366 3820 alio
374 3769 506 3838 reperitur
514 3769 706 3826 auctore.Sane
752 3767 805 3837 dit,
825 3785 850 3824 et
865 3775 885 3823 it
897 3771 1029 3836 velocius,
1047 3789 1127 3841 quam
1138 3773 1261 3840 jactator

207 3850 297 3921 lingua
312 3849 383 3900 Osca
399 3848 517 3900 lucetius
535 3863 574 3900 est
587 3851 705 3923 Jupiter,
751 3865 866 3924 putarat.
880 3852 958 3904 itaet
974 3849 1097 3903 Valerius
1114 3853 1195 3902 tertio
1208 3853 1260 3902 Ar·

209 3929 294 3982 dictus
307 3949 321 3980 a
333 3929 407 3995 luce,
420 3948 500 4000 quam
510 3943 634 4000 praestare
644 3933 707 3984 dici·
751 3949 812 4003 gon.
832 3931 945 3983 «iallere
960 3949 1041 3983 nervo
1056 3931 1124 3981 Tum
1137 3932 1257 4004 primum

208 4017 251 4062 tur
262 4009 422 4064 hominibus.
433 4009 492 4080 Ipse
505 4023 544 4063 est
556 4024 647 4065 nostra
656 4012 706 4063 lin·
750 4023 818 4081 puer
829 4029 909 4064 ausus
918 4009 1007 4083 Hylas.
1019 4035 1030 4061 »ι
1045 4010 1133 4064 cerda.
