2720 4588
12 149 16 374 l
260 415 264 422 ,
332 345 382 406 nv
407 341 643 410 enerues
667 345 760 410 nra.
784 348 871 413 x11.
1061 347 1122 417 235

12 405 16 528 l
119 463 186 547 557.
197 465 317 526 Accidit
326 479 460 549 ergo,ut
469 485 567 547 quum
579 466 946 532 fortasseAEneasoeulos
956 472 989 532 in
1000 493 1135 535 omnem

83 555 600 637 agrninumpartentcircumierret,
609 559 1023 638 quesiturusTurnum‚1um
1032 565 1125 624 etiam

82 659 110 704 et
121 648 232 707 urbem
252 662 390 708 cerneret
401 653 573 708 immunem
591 651 678 707 oanni
698 650 798 724 malo;
812 671 847 712 ac
865 655 968 713 statim
983 655 1127 715 accendit

82 735 170 798 illum
190 741 296 821 imago
316 738 444 821 majoris
463 757 593 822 pugnoe,
608 743 765 822 aspirante
783 744 902 804 scilicet
921 757 988 806 tum
1008 749 1127 808 Venere

83 845 199 886 novam
211 825 289 887 belli
302 827 432 888 ineundi
447 830 612 888 rationem.

120 915 188 976 561.
201 917 294 976 illico
305 917 446 978 ductores
456 919 604 977 exereitus
617 920 760 978 vocavit:
774 919 916 980 cumillis
927 941 990 982 una
999 942 1130 981 concur·

81 1002 120 1060 rit
130 1015 196 1061 tota
210 1003 307 1084 legio,
320 1025 385 1065 nou
403 1005 497 1064 armis
513 1006 622 1086 positis
639 1029 646 1064 :
664 1008 729 1088 ipse
746 1022 897 1091 occupato
910 1011 1049 1084 tumulo,
1065 1030 1127 1092 quo

82 1090 190 1150 melius
203 1113 238 1151 er
253 1112 364 1174 aggere
378 1107 567 1168 cerneretur,
580 1093 669 1177 loqui
682 1098 785 1178 coepit.

119 1181 188 1242 565.
205 1183 299 1242 Breve
316 1194 377 1259 est,
394 1197 430 1242 ut
449 1183 481 1241 in
499 1201 531 1240 re
547 1195 648 1260 arcta,
664 1183 842 1258 exordium3
858 1183 952 1264 idque
967 1183 1096 1244 ductum
1112 1203 1130 1241 a

80 1269 223 1331 Numinis
238 1273 477 1334 benevolentia:
497 1293 587 1353 ergo,
604 1272 688 1334 nullu
706 1277 744 1336 sit
761 1297 842 1336 mora
858 1277 928 1334 meis
946 1275 1042 1349 dictis,
1055 1274 1130 1356 quia

81 1357 279 1439 luppiterlrue
288 1374 358 1436 stat,
371 1361 475 1435 idest,
486 1373 545 1420 stat
556 1362 701 1443 „luppiter
714 1383 772 1444 pro
787 1361 955 1444 religione,
968 1383 1063 1444 quam
1076 1362 1132 1421 foe-

11 1459 13 1508 i
82 1445 194 1530 difragi
216 1449 370 1510 luserunt.
390 1450 499 1510 Laudo
519 1463 549 1510 et
564 1449 710 1512 scholion
730 1451 790 1513 hoc
809 1451 885 1511 Julii
904 1452 980 1512 Scal.
1000 1453 1133 1532 luppiter

85 1534 139 1598 luc
154 1553 226 1614 stat,
244 1541 276 1600 id
292 1555 346 1617 est,
364 1540 412 1602 iric
425 1556 467 1602 est
484 1541 601 1615 modus,
618 1540 680 1603 loec
698 1545 747 1602 uia
762 1541 929 1625 imponendi
939 1544 1016 1628 fatis
1027 1541 1131 1624 finem.

84 1626 204 1707 Pergit:
216 1649 302 1690 nemo
313 1643 360 1691 eat
369 1633 498 1712 sequior,
510 1629 596 1712 quod
608 1631 752 1712 inceptum
762 1629 889 1691 subitum
898 1629 1017 1690 videat:
1031 1627 1134 1688 bacte-

85 1735 142 1775 nus
154 1719 333 1780 exordium.
779 1718 785 1732 “

122 1804 191 1886 567.
207 1808 314 1888 Aperit
325 1804 391 1888 jam
406 1806 594 1866 sententiam
606 1826 695 1864 suam
706 1829 712 1863 :
724 1809 785 1865 nisi
797 1821 926 1889 pereant
935 1809 1055 1883 Latini,
1069 1807 1132 1865 nisi

85 1889 201 1953 froenos
214 1895 340 1976 imperii
352 1895 414 1953 mei
427 1894 598 1975 accipiant,
611 1907 685 1952 etse
699 1895 798 1954 victos
809 1895 978 1972 fateantur,
993 1917 1058 1956 non
1066 1893 1132 1976 jam

85 1982 202 2044 bellum
217 1987 292 2060 erit,
309 1987 361 2046 sed
374 1997 479 2067 aperta
491 1985 699 2066 expugnatio;
713 2005 788 2044 nam
801 1987 899 2047 urbem
915 2010 1016 2049 eruam
1032 1986 1134 2046 afun·

11 2143 12 2154 ἵ
86 2069 251 2148 dementis,
272 2093 393 2135 causam
411 2070 491 2146 betti,
508 2073 581 2152 quia
600 2073 634 2130 in
648 2093 684 2130 ea
704 2071 780 2131 urbe
799 2088 864 2133 erat
880 2075 1026 2149 Lavinia,
1046 2093 1134 2133 causa

84 2159 241 2241 (utsupra
255 2161 388 2239 dixerat)
403 2157 475 2218 mali
485 2159 557 2219 tenti
570 2182 578 2216 :
592 2171 622 2217 et
634 2156 760 2238 quidem
772 2175 861 2220 eruta
875 2162 951 2220 urbe
961 2183 1061 2221 antam
1072 2163 1132 2242 ipsa

86 2251 258 2330 (ipperuoie)
272 2252 372 2311 Latini
386 2251 502 2331 Reque,
513 2260 657 2329 etponam
670 2245 803 2309 cubninu
814 2269 897 2332 aequu
909 2248 980 2310 solo.
990 2249 1134 2330 Vulgaris

87 2351 175 2419 poeta
190 2337 323 2413 diceret,
336 2337 456 2419 aequubo
465 2333 545 2396 soto.-
556 2333 684 2396 adhibet
696 2351 728 2395 et
738 2335 867 2396 modum
876 2338 1055 2420 ,firmantia,
1065 2339 1134 2418 quia

88 2425 183 2486 urbem
196 2430 264 2509 iqne
275 2429 475 2486 exstincturus.

124 2516 194 2598 57⁰·
211 2515 325 2575 Vidisti
339 2514 443 2595 primo
464 2510 641 2586 exordium
663 2509 778 2571 deinde
795 2509 1070 2598 deliberationem
1091 2530 1135 2569 se-

91 2608 196 2685 quitur
203 2603 268 2686 jam
283 2606 375 2664 tertio
393 2621 496 2664 causa.
511 2602 694 2683 Exspeetem
712 2621 770 2684 ego
788 2601 887 2663 Turni
903 2621 1019 2678 moras,
1033 2614 1064 2660 et
1077 2613 1137 2659 ter-

10 2711 11 2730 *
89 2695 328 2776 giversationes?
342 2691 440 2776 quid,
456 2689 542 2774 quod
559 2711 736 2774 numquam
753 2711 877 2753 mecum
897 2687 1137 2774 congredietur?

10 2779 11 2860 l
87 2785 165 2843 ratio
179 2805 186 2842 :
200 2803 274 2843 nam
287 2781 386 2842 nollet
395 2784 485 2842 uictus
493 2799 590 2840 rursus
601 2799 781 2842 concurrere.

125 2875 193 2955 572.
215 2874 265 2931 En
285 2871 351 2952 jam
371 2870 530 2930 conclusio
556 2870 600 2928 rei
618 2867 781 2950 gerendae,
801 2891 900 2952 quum
920 2873 958 2930 sit
977 2869 1032 2928 ivoc
1050 2881 1138 2949 caput

10 3007 11 3052 ἦ
87 2981 201 3020 summa
213 2958 281 3020 betti
291 2959 431 3042 nefandi,
447 2957 481 3018 id
492 2973 554 3034 est,
565 2959 642 3040 gesti
657 2971 765 3018 contra
775 2957 909 3032 foedera,
916 2958 1095 3041 firtefuces,
1107 2970 1136 3014 et

10 3103 11 3106 ,
91 3047 145 3110 has
163 3071 285 3133 propere
291 3075 304 3123 ,-
318 3061 348 3110 et
357 3049 495 3134 flammis
514 3045 689 3109 vindicibus
701 3047 800 3132 sudus
814 3050 959 3130 reposcite.
976 3047 1066 3106 Recte
1084 3043 1136 3104 hic

89 3139 224 3198 Servius:
243 3137 408 3198 «flammas
427 3136 554 3198 foederis
573 3157 759 3198 renovemus
779 3135 924 3198 incendio
943 3134 1048 3194 urbis:
1062 3151 1136 3192 narn

10 3235 11 3248 ¹
90 3229 239 3308 reposcite,
250 3241 311 3303 est,
324 3238 480 3303 revocate,
495 3227 654 3289 innovate.
664 3253 680 3282 n

88 3449 211 3491 ruentem.
220 3437 264 3490 sic
274 3459 286 3484 α
295 3455 449 3509 purpureos
458 3437 545 3490 cristis
549 3440 591 3506 ju·
672 3433 732 3506 559.
750 3437 901 3486 Immunem
915 3433 982 3483 tanti
994 3431 1062 3484 betti.
1076 3433 1137 3485 Sine

88 3535 166 3570 venes
177 3541 206 3584 n,
223 3535 274 3589 pro
291 3519 434 3589 purpureis
447 3517 547 3578 cristis;
565 3527 592 3567 et
636 3515 727 3566 officio
737 3511 884 3566 dimicandi
896 3532 903 3564 z
917 3525 943 3565 et
952 3511 1009 3563 vult
1019 3512 1138 3564 inobses-

89 3597 196 3651 millena
203 3600 232 3650 in
239 3616 295 3650 uno
302 3597 394 3670 virgil.
407 3596 527 3653 c.-sic
534 3595 593 3648 Plu·
637 3613 694 3646 sam
710 3593 837 3665 intelligi,
856 3595 933 3664 quasi
948 3593 1003 3644 sine
1017 3591 1138 3664 periculo

88 3677 171 3730 tarcb
182 3675 232 3732 tter
244 3697 296 3750 pro
308 3680 518 3750 opportunitate.
636 3677 671 3742 sit
689 3674 915 3746 oppugnationis:
935 3690 997 3723 nam
1016 3671 1139 3724 immunis

122 3757 184 3812 558.
194 3759 271 3811 Acies
277 3758 444 3810 circumtulit.
457 3755 507 3810 Vel
517 3773 591 3809 exer·
636 3767 689 3823 est,
709 3757 755 3826 qui
769 3753 836 3826 nibil
849 3764 971 3825 prestet,
993 3753 1069 3822 quasi
1081 3751 1138 3802 sine

89 3841 168 3892 citum
187 3857 266 3892 suum
284 3838 338 3890 huc
356 3851 439 3910 atque·
455 3837 519 3891 illuc
539 3838 591 3889 cir·
635 3835 747 3898 muniis,
757 3831 810 3884 hoc
820 3845 874 3898 est,
888 3833 933 3903 qui
943 3831 1071 3882 nonfacit
1081 3849 1139 3881 mu·

89 3919 237 3982 cumduxi13
257 3919 301 3972 vel
313 3921 384 3971 acies
398 3919 552 3981 oculorum
565 3929 591 3970 et
636 3915 690 3966 nia.
700 3911 856 3984 —Impune
865 3911 989 3986 quietem.
1002 3909 1067 3977 Quae
1079 3927 1138 3980 spe·

89 3997 158 4052 bona
170 4001 314 4053 occasione·
326 4001 449 4071 pervenit
462 3998 497 4052 nd
508 3997 552 4063 id,
562 4009 591 4049 ut
636 3994 739 4048 cialiter
751 3992 845 4045 debuit
859 4010 951 4063 poenas
966 3989 1040 4041 luere
1055 4007 1138 4061 prop·

90 4079 324 4134 AEneascivitatem
330 4077 588 4152 possetuspicere.S.
635 4088 676 4130 ter
687 4073 775 4128 foedus
788 4073 940 4146 abruptum.
953 4071 1023 4126 Seru.
1048 4075 1052 4084 '
