2720 4588
220 290 284 358 238
548 281 930 350 COMMENTAurt

220 411 293 495 quid
307 404 474 472 nudantur?
486 404 517 468 id
532 417 593 478 est,
610 419 741 486 propter
760 407 835 487 quid
854 406 1022 470 turbantur
1037 413 1155 472 moenia
1169 427 1263 473 tante

220 495 324 560 luctu?
332 498 396 578 quis
405 491 517 554 clamor
525 493 762 574 ntit·(lpqeues'u)
773 492 813 554 al)
822 495 934 557 diuersa
944 497 1027 573 urdo,
1039 519 1057 558 a
1068 502 1162 560 variis
1174 499 1267 560 urbis

221 583 381 672 partibus?
396 586 471 648 Haec
482 603 584 664 quum
598 582 729 643 dixisset
745 606 862 661 omem,
880 586 913 646 id
929 603 990 663 est,
1012 609 1103 670 egeus
1122 590 1265 666 consilii,
1351 587 1352 608 ¹

221 679 359 739 habenas
370 673 513 746 adduxit,
528 685 557 732 et
567 671 712 732 substitit.

259 765 475 830 deuteruna
489 781 558 841 quse
571 781 718 821 conversa
734 764 765 820 in
777 763 942 823 Metiscum
957 786 1054 848 equos
1066 767 1204 848 regebat,
1221 777 1265 825 ta-

220 859 297 920 citos
307 851 371 934 ejus
383 852 588 932 cogitationes
597 852 789 930 penetravit3
800 851 953 912 intellexit
964 853 1134 930 enimfore,
1143 855 1266 914 utTur·

219 966 279 1008 uus
291 946 326 1004 in
340 942 448 1006 urbem
461 954 577 1015 rueret,
590 961 626 1000 sc
637 939 769 1020 proinde
781 941 815 1000 in
823 942 952 1004 exitium
966 959 1100 1024 certum,
1109 947 1136 1004 ei
1145 947 1267 1006 reniret

219 1036 253 1096 in
271 1042 472 1110 conspectum
489 1027 614 1090 AEoeae:
637 1029 742 1110 itaque
756 1049 921 1090 occurrens
935 1031 1002 1112 ejus
1022 1034 1191 1114 cogitatui,
1208 1031 1265 1091 ho-

220 1135 306 1186 neste
326 1118 527 1200 dehortetur,
547 1138 700 1194 monens,
719 1133 755 1180 ut
775 1120 884 1178 ornem
904 1119 1080 1202 relinquat,
1099 1125 1132 1184 in
1154 1141 1267 1201 campo
1314 1114 1328 1197 ‘¹

219 1211 379 1293 persistet:
392 1207 553 1285 relinqunt
565 1205 689 1280 urbem,
702 1208 853 1287 quiseam
864 1204 917 1266 alii
924 1221 1045 1288 possunt
1054 1208 1221 1292 degendum
1233 1209 1268 1266 iu
1351 1221 1352 1234 ²

220 1319 332 1380 compo
349 1297 492 1378 persistet
508 1295 661 1374 Troianos
674 1317 878 1378 persequens,
892 1299 966 1376 quia
978 1297 1022 1356 ibi
1032 1301 1129 1378 prima
1145 1300 1269 1358 victorin
1351 1293 1352 1318 ³

220 1389 296 1447 olam
308 1383 422 1466 pandit.

261 1479 331 1538 628.
347 1473 453 1554 Pergit
472 1473 504 1532 iu
523 1469 724 1534 dehortando
744 1492 761 1530 a
780 1472 913 1552 paritate
931 1472 1056 1552 glorioe3
1075 1475 1102 1533 si
1114 1475 1219 1534 AEneae
1234 1475 1269 1532 in

221 1562 332 1628 urbem
350 1561 432 1625 cedit
443 1561 580 1640 impetus
594 1560 739 1634 feliciter,
758 1561 815 1619 tibi
827 1581 954 1642 quoque
967 1583 1072 1643 pugna
1085 1558 1126 1620 in¹
1135 1582 1269 1644 camp03

220 1657 319 1716 immo
331 1651 470 1712 felicior:
484 1671 557 1712 uem
572 1649 625 1710 ille
638 1652 750 1732 ingruit
758 1649 901 1731 quidem,
914 1665 944 1710 et
954 1664 1079 1710 tanturn
1089 1653 1270 1732 miseetproe·

222 1742 262 1804 tia
274 1741 404 1806 confuse
416 1753 445 1800 et
459 1739 584 1802 turbide
593 1761 675 1799 vano
687 1738 804 1798 effectu
817 1763 823 1798 :
835 1761 892 1800 nos
905 1760 976 1799 vere
986 1735 1134 1799 dabimus
1139 1741 1270 1823 sunem5

222 1851 257 1890 ac
269 1826 402 1910 proinde
411 1845 469 1888 neo
480 1846 629 1888 uumerus
642 1846 791 1886 cesorum
804 1828 862 1886 erit
872 1826 1015 1902 inferior,
1027 1848 1085 1888 nec
1097 1826 1200 1888 honor
1213 1849 1270 1908 pu·

266 1937 300 1978 ae·
498 1953 503 1966 x
1053 1924 1056 1940 .

222 1939 329 2063 guills.
343 1998 489 2062 Procedit
503 2002 603 2062 oratio
613 2002 711 2062 Turni
725 2021 764 2060 err
772 2000 896 2083 duplici
907 2013 1067 2082 tempore:
1084 2026 1098 2057 n
1108 2003 1222 2082 agnovi
1239 2014 1268 2060 te

218 2089 424 2176 jampridem,
444 2102 474 2150 et
488 2111 572 2152 nuuc
585 2103 615 2152 te
634 2111 790 2172 agnosco:
805 2093 934 2172 agnoui,
954 2113 1053 2174 quum
1067 2091 1198 2150 turbasti
1210 2090 1268 2150 foe-

222 2183 310 2256 dera,
321 2180 482 2242 Tolumnii
492 2201 603 2263 operu,v
615 2194 645 2240 et
654 2181 876 2261 qurundedisti
888 2183 964 2241 rein
975 2179 1042 2242 lisso
1054 2181 1152 2256 bella,
1163 2181 1266 2240 Metis-

221 2292 257 2332 co
270 2287 416 2332 excusso:
435 2289 569 2348 agnosco
584 2282 614 2328 te
636 2290 721 2331 nuuc
734 2269 913 2330 rationibus
932 2290 1010 2350 ques
1026 2271 1199 2352 proponis:
1215 2272 1268 2328 ita-

222 2381 282 2442 que
300 2359 423 2421 etiamei
444 2361 522 2432 Dea,
544 2361 738 2440 nequicquam
751 2357 836 2442 follis
854 2371 933 2418 rnen>
954 2360 1135 2419 Admiratur
1154 2357 1268 2418 deinde

222 2471 291 2526 cur,
304 2451 371 2508 Dea
388 2469 487 2529 quum
499 2451 553 2524 sit,
571 2449 645 2510 caelo
663 2449 875 2524 descenderit,
893 2447 1015 2509 labores
1030 2448 1105 2510 belli
1120 2447 1270 2531 passura?

221 2539 303 2599 forte
316 2559 357 2596 nu
367 2538 475 2596 visure
488 2535 612 2596 crudele
625 2538 753 2596 exitium
766 2537 872 2598 fratris
885 2537 1007 2597 miseri?

260 2625 329 2704 637.
345 2624 451 2700 Quum
463 2626 572 2704 mortis
586 2645 649 2684 suae
663 2627 854 2687 meminisset
865 2629 1003 2700 Turnus,
1019 2629 1064 2686 ait
1075 2645 1105 2685 se
1117 2646 1190 2685 rere
1202 2647 1269 2685 mo·

221 2718 371 2786 risurum,
381 2733 482 2792 quum
493 2713 576 2772 nihil
586 2712 650 2794 jem
665 2729 751 2794 ogau
765 2714 914 2796 ducitque
924 2729 1143 2795 argumentum
1158 2717 1268 2774 mortis

222 2803 447 2877 suecessitete,
468 2803 542 2884 quie
555 2801 643 2862 nulla
658 2802 785 2865 fortune
802 2805 933 2866 salutern
949 2805 1104 2886 spondet:
1121 2804 1177 2863 u'bi
1193 2825 1267 2884 ergo

222 2893 310 2956 nulla
325 2906 369 2954 est
383 2913 451 2973 spes
464 2893 589 2968 salutis,
601 2906 685 2953 certa
698 2907 744 2954 est
756 2914 850 2956 mors.

261 2983 331 3046 638.
340 2983 486 3064 Sequitur
498 2997 716 3064 argumentum
733 2983 816 3042 aliud
831 2985 940 3044 mortis
954 2985 1144 3065 suae,potius
1157 3003 1268 3042 omen:

222 3087 312 3134 vocat
327 3093 377 3132 me
391 3086 534 3132 mortuus
550 3073 731 3146 Murranus3
749 3074 826 3155 quid
839 3087 943 3132 sutem
962 3072 1149 3154 sperandum
1162 3071 1200 3132 de
1213 3092 1268 3146 eo,
1351 3083 1352 3088 ’

224 3182 318 3243 quem
341 3162 458 3220 mortui
477 3159 610 3220 vocant?
622 3159 791 3242 additque,
810 3160 870 3222 silui
893 3163 984 3224 illurn
1001 3161 1099 3220 fuisse
1122 3158 1269 3220 charissi-

224 3271 332 3311 mum:
349 3264 379 3309 et
396 3271 510 3330 urgens
527 3271 620 3310 suum
636 3248 768 3311 dedecus
783 3251 906 3333 adjicit,
920 3254 1024 3312 visum
1039 3274 1055 3311 a
1068 3272 1112 3325 se,
1127 3271 1227 3331 quum
1243 3253 1267 3308 is
1351 3251 1352 3304 1

224 3341 363 3401 cederet:
377 3341 464 3418 quasi
475 3339 573 3414 dicat3
585 3341 611 3400 is
618 3355 781 3416 mevocat,
792 3363 885 3424 quern
898 3340 1060 3401 cedentem
1073 3339 1154 3414 vidi,
1167 3361 1268 3422 neque
1351 3331 1352 3334 ¹

224 3427 309 3488 ultus
322 3445 393 3484 sum
409 3448 414 3482 :
433 3447 521 3506 ergo,
534 3439 624 3488 vocat
639 3449 690 3490 me
704 3431 820 3489 enricus
835 3431 923 3510 quasi
936 3431 975 3488 ’ἰη
989 3430 1143 3490 ultionem
1158 3429 1268 3488 mortis

225 3538 289 3577 uon
301 3513 476 3574 vindicetur.

262 3601 331 3678 641.
350 3602 454 3681 Pergit
468 3622 579 3682 urgens
592 3604 735 3665 eamdem
757 3624 842 3665 rem:
867 3605 958 3688 Ufens
975 3603 1079 3688 infelix
1095 3605 1217 3678 occidit,
1231 3624 1267 3667 ne

223 3694 361 3773 aspiceret
370 3703 501 3750 nostrum
512 3691 647 3754 dedecus!
664 3697 740 3776 quin
752 3694 886 3777 troplraei
906 3694 975 3754 loco
994 3698 1097 3756 Teucri
1115 3699 1267 3775 potiuntur

259 3849 319 3915 fils.
334 3847 426 3899 Teucri
435 3849 575 3919 potiuntur
585 3870 689 3924 corpore
698 3865 723 3904 et
766 3852 799 3904 de
820 3855 936 3904 virorum
957 3853 1067 3904 fortium
1091 3851 1265 3903 cadaveribus
1351 3823 1352 3874 l

222 3929 309 3981 annis.
324 3926 353 3978 ld
371 3938 424 3990 est,
437 3928 516 3979 etiarn
529 3931 665 4000 sepultura
678 3952 722 3984 ou·
766 3945 822 3986 erat
834 3935 902 3984 inter
914 3931 1000 3984 hostes
1010 3930 1110 4004 grande
1121 3943 1264 3984 certarnen.
1351 3951 1352 4006 ᾗ

223 4011 288 4071 rute
302 4021 418 4074 nunnus
428 4009 456 4058 iu
468 4009 582 4062 Homero
595 4011 720 4083 legimus,
764 4015 833 4066 Serv.
854 4013 1011 4082 -Accipit
1031 4028 1080 4082 pro
1104 4008 1265 4062 contumelio
