2704 4582
329 289 382 352 IN
406 289 640 354 AENEIDOS
664 291 758 354 LIB.
782 294 845 357 XI.
1049 321 1103 384 171

53 431 187 472 murum
202 432 295 484 saxa,
312 409 465 492 sudesque,
481 411 518 470 ad
535 409 654 470 hostem
670 397 904 490 et'leriendum,
917 426 945 476 et
959 416 1108 498 repellen-

55 499 145 560 dum.
168 503 238 562 Hoc
254 511 372 583 puncto
386 502 533 581 temporis
552 501 675 562 baccina
689 501 740 563 dat
757 519 908 566 errantum
925 509 1058 587 siquam:
1076 527 1110 566 ac

54 604 133 652 tunc
149 593 227 674 ipsae
240 611 366 672 quoque
381 604 534 664 matronae,
549 605 578 652 ct
595 594 676 665 pueri
690 595 809 652 excitati
830 596 868 654 ad
886 596 1043 677 publicam
1061 595 1112 654 de·

9 725 10 734 ,
56 678 241 740 sensionem
257 693 402 752 currunt,
415 693 443 738 et
456 701 552 740 maros
566 683 681 740 cinxere
692 684 774 740 varia
787 703 904 743 corona.
917 686 1023 744 Ratio:
1037 704 1111 742 nam

60 766 146 826 labor
162 767 285 830 ultimas
301 789 400 828 omnes
415 783 515 828 vocat:
529 767 685 850 putabant
703 769 817 830 scilicet
836 773 923 831 illum
942 773 1009 833 fo're
1029 771 1111 833 diem

59 857 132 916 vitae
148 857 315 930 ultimum,
330 869 383 916 aut
393 859 518 916 mortis:
535 857 701 932 libertatis,
716 871 769 918 aut
781 862 942 920 servitutis.
953 865 1050 921 Vocat
1061 883 1111 918 va·

59 948 134 1004 riam
150 967 294 1007 coronam
309 948 347 1006 ab
363 947 596 1009 discriminante
611 949 698 1006 vario
713 969 783 1008 sexu
796 971 965 1030 puerorum
980 961 1010 1009 et
1023 949 1113 1008 femi-

9 1085 10 1088 ,
60 1055 188 1094 narum.

9 2727 11 2836 l

9 1175 10 1196 ,
99 1122 172 1204 477.
188 1127 315 1199 Amata,
329 1125 473 1200 Lavinia,
489 1136 518 1184 ct
530 1124 651 1184 nobiles
665 1125 732 1184 aliae
744 1125 870 1186 feminae
882 1127 991 1202 aliam,
1005 1127 1114 1184 ineunt

60 1215 218 1272 rationem
240 1213 445 1290 defensionis,
462 1214 713 1298 confugiumque
734 1215 772 1275 ad
795 1218 972 1296 preces.,Tu
992 1213 1042 1273 liic
1064 1225 1114 1272 ex-

61 1299 164 1381 pende
178 1299 371 1381 majestatem
386 1305 509 1383 Reginae
523 1307 639 1362 euntis:
652 1301 828 1376 subvehitur,
844 1303 877 1362 ut
890 1321 959 1383 quae
972 1303 1005 1360 in
1017 1301 1115 1382 pilen-

62 1402 109 1462 to,
128 1403 161 1447 et
180 1410 294 1471 maqna
313 1405 439 1452 matrum
456 1405 585 1466 caterua,
605 1404 641 1453 ut
657 1391 783 1452 decebat
800 1395 902 1452 Latini
923 1410 1067 1463 uxorem3
1087 1401 1116 1446 et

61 1497 132 1536 cum
152 1477 263 1554 donis,
280 1493 315 1538 ut
334 1483 482 1560 gratiores
503 1483 567 1540 sint
586 1503 705 1562 preces:
719 1480 865 1566 juxtaque
882 1501 976 1542 comes
992 1479 1115 1539 Lavinia

60 1571 158 1650 sirpo,
177 1585 214 1628 ut
232 1574 326 1630 moris
346 1572 604 1652 estsPrincipibus
624 1574 768 1652 Regium,
790 1591 859 1654 quae
880 1569 959 1631 filias
978 1565 1114 1629 haeredes

62 1679 167 1718 secum
189 1659 297 1718 ferunt
317 1659 356 1718 ad
375 1656 517 1742 publicas
537 1682 594 1720 res.
613 1662 713 1736 lllud,
732 1681 821 1721 causa
839 1659 911 1720 mali
931 1663 1018 1733 tanti,
1037 1660 1116 1717 mire

62 1745 197 1820 dictum,
212 1759 243 1806 et
258 1747 352 1823 illud,
367 1745 468 1808 oculos
481 1745 592 1831 dejecta
606 1748 738 1822 decoros,
756 1769 792 1813 ex
808 1769 923 1830 magno
942 1748 1069 1808 decoro:
1087 1749 1116 1804 et

63 1835 192 1914 quidem
207 1836 307 1910 oculi,
321 1857 383 1916 quo
404 1834 598 1916 dejectiores,
614 1857 651 1895 eo
667 1837 765 1916 magis
780 1836 893 1896 decori.
910 1837 956 1895 De
970 1836 1117 1894 varietate

61 1921 205 1982 lectionis
217 1923 290 1982 vide
303 1922 365 1982 vol.
378 1923 431 1999 IV,
446 1945 516 2003 pag.
532 1920 599 1998 243.
614 1925 685 2007 Jam
700 1943 772 1983 vero
787 1945 904 2006 preces,
919 1945 988 2005 quae
1001 1922 1116 1982 tumul-

61 2013 161 2071 tuarie
176 2012 273 2084 fiunt,
289 2033 355 2072 non
370 2011 485 2071 dantur
500 2010 697 2092 Principibus
712 2011 850 2085 feminis,
867 2012 917 2072 sed
937 2009 1036 2070 turbae
1051 2031 1115 2068 ma·

62 2114 155 2162 trum.
176 2102 262 2180 Quid
282 2123 354 2162 vero
374 2115 486 2183 petunt
504 2122 522 2160 a
542 2100 669 2160 Pallade
688 2103 753 2160 Dea
771 2100 947 2161 bellorum?
965 2113 1000 2160 ut
1018 2099 1113 2159 telum

62 2190 203 2272 frangat:
220 2209 334 2272 parum
349 2188 425 2264 boc;
442 2202 475 2249 ut
490 2189 593 2268 ipsum
604 2190 732 2248 AEneam
747 2209 885 2269 pronum
900 2202 1017 2248 sternat
1032 2187 1114 2260 solu,
1132 2191 1133 2196 ’

63 2283 135 2362 quia
154 2279 265 2362 praedo
282 2293 342 2354 est,
362 2293 392 2339 et
408 2291 523 2361 raptor.
535 2277 615 2336 Vide
628 2299 717 2353 vero,
734 2291 769 2336 ut
785 2277 885 2336 Pallas
900 2278 1084 2337 concilietur
1098 2297 1115 2334 a

63 2381 230 2449 potestate,
245 2369 319 2448 quia
331 2371 506 2449 omnpotens
520 2363 587 2425 belli
595 2385 715 2448 praeses:
729 2386 745 2423 a
762 2364 831 2426 loco
850 2366 999 2435 Tritonia3
1019 2363 1116 2421 areli·

64 2460 155 2540 gione
170 2461 261 2540 virqo.
962 2479 969 2486 ’

99 2546 170 2622 486.
184 2545 289 2607 Habes
301 2545 352 2604 hie
365 2559 549 2627 apparatum
559 2543 657 2602 Turni
670 2539 879 2624 comparantis
892 2561 923 2600 se
933 2539 970 2600 ad
984 2537 1112 2600 bellum.

62 2636 164 2695 Primo
179 2635 351 2715 generatim
365 2635 493 2715 cinpt'tar
506 2634 538 2691 in.
550 2627 651 2712 proelia
663 2653 671 2690 :
685 2647 758 2691 mox
773 2631 878 2690 statim
892 2629 1022 2712 explicat
1033 2626 1114 2686 hanc

96 2815 157 2884 476.
181 2817 320 2866 Matrona.
343 2813 421 2864 Nunc
441 2813 563 2864 loeminae.
612 2811 675 2880 quia
693 2813 721 2861 in
737 2809 868 2861 familiam
886 2808 975 2858 mariti
990 2815 1017 2857 et
1033 2805 1115 2856 insui

9 2935 10 2962 3
64 2894 178 2960 Quidam
205 2912 269 2946 sane
295 2893 473 2957 arbitrantur,
489 2893 566 2949 ,inter
610 2889 717 2942 heredis
728 2891 818 2942 locum
827 2887 952 2940 venisset.
960 2886 1012 2937 Alii
1021 2895 1116 2935 matro-

9 2985 11 3032 l

63 2985 208 3025 matronam
226 2986 253 3024 et
269 2971 495 3044 matremfamilias
513 2971 565 3023 hoc
611 2971 783 3041 nasVirgines
792 2968 897 3020 nobiles
906 2966 1116 3026 dicunt3matres-

9 3063 10 3068 ’
64 3055 201 3119 interesse,
229 3053 303 3123 quod
321 3064 440 3103 matrona
460 3051 565 3103 dicatur
605 3050 727 3121 familias
744 3067 808 3100 vero
826 3047 899 3111 illas,
915 3046 1013 3116 quaein
1026 3043 1116 3093 matri-

9 3145 10 3152 *
63 3135 331 3204 primipuerimater;
351 3131 564 3202 materfamilias,

64 3229 118 3282 quae
134 3212 228 3284 plures
245 3213 361 3288 peperit.
382 3211 434 3262 Alii
448 3211 498 3262 hoc
512 3231 564 3282 pu-

63 3304 118 3344 tant
134 3293 248 3354 rectius;
269 3303 417 3343 matronam
434 3291 487 3342 dici
507 3310 565 3362 quae

64 3373 89 3423 in
103 3373 304 3425 matrimonium
321 3391 382 3424 cnm
394 3373 453 3423 viro
466 3389 565 3424 conve-

9 3467 10 3470 ’
64 3456 144 3520 nerit,
158 3456 223 3506 etin
237 3472 270 3506 eo
281 3454 452 3504 matrimonio
464 3469 567 3504 manse.

65 3533 109 3599 rit,
122 3536 224 3586 etiamsi
234 3533 312 3584 liberi
319 3533 440 3600 nondum
449 3534 564 3585 fuerint:

9 3631 10 3648 ÷
68 3609 163 3664 dictam
174 3614 266 3664 matris
283 3615 406 3678 nomine,
425 3624 565 3684 speratque

69 3695 165 3762 aurine,
177 3694 251 3746 unde
263 3706 289 3746 et
301 3695 498 3746 matrimonium
511 3693 566 3746 dic-

70 3782 138 3824 tum:
161 3783 271 3824 matrem
287 3792 352 3825 vern
369 3774 490 3846 familias
509 3793 567 3826 eam

72 3871 137 3918 esse,
154 3872 211 3924 quae
229 3855 256 3904 in
270 3855 360 3906 mariti
371 3861 453 3906 mania
464 3855 567 3906 manci-

9 3993 10 3996 ,
72 3933 180 4002 pioque,
200 3945 246 3983 aut
259 3933 287 3984 in
300 3934 358 4002 ejus
377 3936 567 3986 manumanci·

9 4039 10 4044 =
72 4011 166 4082 pioque
181 4024 264 4081 esset,
279 4015 354 4083 cujus
371 4027 427 4068 erat
440 4015 565 4080 maritus,

610 3133 730 3186 monium
742 3151 791 3202 per
804 3129 1003 3202 coemptionem
1016 3143 1114 3176 conve-

610 3226 726 3264 nerunt:
747 3231 809 3264 nam
826 3229 876 3281 per
894 3207 1030 3280 quandam
1042 3206 1114 3256 turis

610 3291 796 3342 solennitatem
810 3293 838 3340 in
852 3287 982 3339 familiam
999 3286 1115 3358 migrant

610 3373 706 3423 mariti.
728 3375 799 3422 Inter
817 3379 925 3419 matrem
939 3385 1003 3418 vero
1021 3379 1047 3418 et
1060 3385 1116 3416 ma-

611 3451 795 3524 tremfamilias
814 3449 867 3502 hon
890 3451 1018 3501 interest:
1042 3445 1115 3518 quod

611 3543 695 3584 mater
703 3545 744 3584 est
754 3543 851 3602 praeter
861 3529 935 3581 illam
947 3525 1117 3602 significatio-

610 3629 686 3678 nem,
697 3629 755 3682 quae
766 3623 805 3662 est
816 3609 851 3662 a'd
861 3607 979 3680 aliquid,
991 3604 1050 3678 quae
1060 3603 1118 3658 tan-¹

614 3704 670 3742 tum
694 3692 820 3743 convenit
845 3693 873 3742 in
904 3689 1117 3752 matrimonium,

601 3771 688 3842 'quod
701 3771 747 3823 alii
759 3768 969 3832 matrifamilias,
982 3765 1051 3818 sic'ut
1064 3765 1117 3829 hos

612 3851 673 3902 loco
695 3851 798 3902 dictum
821 3861 874 3914 est,
894 3847 1115 3920 applicaverunt:

612 3929 811 4003 materfamilias
822 3949 900 3994 vero,
913 3947 971 3999 quae
982 3927 1117 3990 convenit,

603 3999 1117 4084 'utdiximus,percoemptione.m.Serr..
1161 4023 1163 4031 ·
