2742 4596
224 289 288 356 382
470 285 504 348 P.
528 281 762 346 VIRGlLll
785 281 1017 386 bttuop'ts

223 415 258 476 ni
267 403 823 485 momenti;assurgitmagnalaude.r
832 407 1110 491 ViresiusVirgilio
1119 409 1273 495 datprin-

223 507 326 586 cipem
348 499 451 560 locum
470 499 552 556 iuter
572 510 697 578 poetas,
720 509 849 578 propter
867 501 1037 579 pronitatem
1057 511 1086 561 et
1103 507 1273 564 sententias.

222 589 345 654 Deinde
362 588 526 648 Horatium
539 584 636 660 locat,
653 605 726 645 mox
736 584 823 646 alios.
837 589 876 646 Et
884 589 1013 646 iterum:
1027 592 1119 650 Hunc
1136 613 1226 651 nemo
1242 596 1274 652 in

223 683 338 764 mugnis
350 677 431 738 rebus
441 673 616 736 sublimitate
630 680 782 757 superauit.
800 677 930 758 Propter
945 677 1026 738 hanc
1045 699 1110 738 rem
1127 681 1273 742 fortassis

221 785 355 834 vocatur
363 766 514 847 Virgilius
529 767 692 827 aloriano
705 768 739 826 in
751 767 864 826 Anton.
877 765 967 828 beros.
980 769 1020 829 Et
1031 769 1166 852 Scaliger
1176 771 1273 832 dixit:

222 867 280 926 Est
296 862 327 918 in
338 879 372 916 eo
386 854 501 914 heroico
515 852 637 936 pbrusis.
651 855 728 914 lude
743 875 869 936 quoque
883 854 986 916 dictus
1001 877 1019 916 a
1035 858 1174 918 Martiali
1191 881 1274 942 moq-

222 971 278 1012 ηιιι
285 995 294 1023 ,
308 946 397 1005 libris
409 943 449 1002 Xl
460 956 490 1002 et
502 943 568 1002 Xll.
579 940 669 1002 Silius
681 941 742 1002 bcec
754 945 855 1024 maqni
866 941 989 1004 celebrat
1000 961 1192 1007 monumenta
1203 951 1274 1008 Ma-

223 1041 303 1102 mnis
308 1062 320 1110 ,-
336 1049 380 1108 et,
394 1033 452 1115 Qui
465 1033 567 1113 manni
578 1029 704 1091 celebras
721 1034 858 1092 Maronis
878 1033 950 1094 idus.
965 1034 1022 1094 Sed
1039 1037 1109 1115 quis
1129 1033 1273 1110 dubitet,

223 1129 301 1210 quin
313 1123 350 1182 ad
362 1120 587 1182 sublimitatem
602 1121 680 1178 vatis
690 1117 784 1202 hujus
794 1119 878 1180 idem
891 1124 957 1203 ipse
965 1122 1120 1183 Martialis
1133 1143 1274 1206 respexe-

223 1219 265 1276 rit
280 1211 373 1273 lib.V
386 1231 422 1270 eo
434 1229 543 1268 versu:
559 1209 678 1268 Grande
691 1207 858 1270 cothurnati
874 1231 951 1292 pone
964 1214 1099 1272 Maronis
1111 1234 1194 1294 opus.
1210 1214 1272 1272 Ad-

221 1317 316 1366 necto
326 1299 400 1360 huic
412 1295 686 1384 encomio-aliquid
700 1295 918 1380 deTragoediis
928 1300 1127 1380 virgilianis,
1140 1299 1270 1382 quando

223 1418 240 1456 a
259 1389 398 1454 Martiali
419 1387 609 1449 cothurnatus
628 1387 758 1463 dicitur,
779 1403 810 1448 et
831 1409 900 1448 sum
920 1391 952 1450 in
972 1389 1179 1464 sublimitate,
1203 1411 1272 1472 quae

220 1484 349 1568 propria
367 1481 579 1560 Tragicorum.
598 1481 674 1539 Sunt
695 1481 800 1560 itaque
820 1478 925 1560 aliqua
942 1482 1083 1561 vestigia,
1099 1479 1269 1560 Virgilium

221 1576 319 1636 luisse
333 1582 457 1653 poetam
470 1570 645 1648 Tragicum.
661 1570 778 1628 Auctor
791 1569 857 1649 ejus
869 1572 957 1630 vitae:
975 1593 988 1624 ιι
998 1572 1109 1628 Fertur
1119 1568 1270 1651 Thyestes

223 1660 388 1742 tragoedia,
404 1677 497 1738 quam
509 1658 621 1716 Varius
640 1677 698 1740 pro
713 1679 768 1716 sua
787 1656 902 1733 edidit,
921 1658 1014 1717 luisse
1026 1657 1163 1737 Virgilii.
1174 1683 1189 1714 ιι
1204 1659 1270 1716 Hoc

224 1754 249 1812 si
264 1763 327 1824 est,
346 1767 411 1806 non
426 1749 593 1806 minimum
609 1745 751 1808 excelluit
761 1746 912 1828 Virgilius
927 1750 1010 1808 inter
1020 1748 1185 1827 Tragicos,
1197 1765 1271 1806 nam

223 1837 355 1918 Quintil.
369 1835 391 1894 l.
402 1837 456 1894 XV
469 1859 483 1889 ιι
493 1835 579 1893 Varii
591 1833 741 1917 Thyestes
756 1834 886 1896 cuilibet
900 1837 1079 1896 Graecorum
1091 1837 1270 1917 comparari

222 1940 336 2011 potest.
347 1949 361 1980 ιι
383 1923 534 1984 Eamdem
549 1926 672 1985 Tacitus
691 1925 828 1988 celebrat
846 1928 878 1986 in
893 1925 986 1986 elaris
1001 1927 1127 1987 Orator.
1149 1927 1271 1986 Adduxi

223 2015 388 2094 vestigium
402 2031 511 2071 unum.
526 2012 662 2073 Alterum
677 2029 738 2090 est,
750 2015 842 2076 scribi
855 2016 997 2074 aTertul.
1013 2012 1033 2074 l.
1048 2016 1153 2088 adver.
1166 2014 1271 2074 haeret.

226 2128 240 2160 ιι
250 2101 382 2164 Ovidius
405 2103 485 2160 Naso
511 2100 651 2160 Medeam
672 2104 859 2186 tragoediam
879 2124 914 2162 ex
935 2103 1070 2184 Virgilio
1091 2103 1271 2184 plenissime

223 2191 382 2272 expressit.
395 2213 410 2244 ιι
426 2189 523 2248 Porro
536 2189 681 2250 Medeam
696 2189 881 2272 tragoediam
896 2191 1002 2251 Ovidii
1018 2189 1135 2250 attollit
1148 2192 1271 2250 Tacitus

223 2282 297 2344 loco
310 2279 466 2341 adducto:
481 2305 494 2335 ιι
504 2283 568 2342 Nee
580 2281 663 2342 ullus
676 2285 792 2358 Asinii,
806 2299 860 2342 aut
869 2281 1008 2343 Messalae
1019 2279 1100 2340 liber
1110 2297 1176 2340 tam
1186 2282 1271 2340 illus-

223 2375 278 2434 tris
289 2385 349 2446 est,
361 2391 456 2452 quam
465 2369 573 2430 Medea
585 2372 707 2449 Ovidii,
717 2387 771 2432 aut
779 2375 864 2433 Varii
871 2369 1030 2454 Thyestes.
1041 2395 1056 2425 ιι
1065 2373 1207 2430 Tertium
1216 2385 1271 2442 est,

224 2463 285 2523 dici
300 2460 467 2544 Virgilium
488 2483 506 2519 a
524 2463 676 2546 Martiali,
696 2461 917 2537 cothurnatum,
939 2481 1061 2524 versum
1081 2459 1149 2540 jam
1171 2460 1270 2520 attuli.

224 2549 342 2612 Phocas
354 2551 464 2625 etiam,
479 2548 577 2628 infra,
589 2573 660 2632 pag.
677 2553 748 2631 3983
763 2573 790 2610 v.
804 2571 858 2631 993

331 2699 396 2751 lude
409 2698 571 2752 cothurnato
583 2702 748 2754 Teucrorum
760 2702 851 2774 prelia
862 2720 942 2754 versu

329 2781 363 2832 Et
373 2778 500 2832 Rutultrm
512 2784 608 2833 tonuit.

224 2937 285 2995 Ista
298 2934 404 2994 omnia
417 2935 576 3014 pertinent
587 2934 625 2994 ad
639 2936 709 3018 styli
723 2935 958 2996 sublimitatem.

265 3024 311 3083 Ab
331 3021 389 3082 hac
408 3023 500 3083 laude
517 3045 614 3105 pergo
632 3025 670 3084 ad
687 3028 865 3100 Prosuntnr,
885 3047 946 3106 qua
966 3020 1113 3105 graphice
1123 3021 1269 3105 Virgilius
1347 3039 1348 3059 ι

225 3133 274 3173 res
289 3132 397 3172 omnes
410 3113 522 3192 pingit.
538 3113 647 3193 Scalig.
666 3138 679 3167 ιι
691 3113 797 3173 Efficit
813 3116 917 3174 vivam
932 3113 1116 3173 orationem.
1129 3138 1143 3167 ιι
1158 3111 1270 3171 Godes·

225 3202 283 3262 cal.
296 3205 329 3260 in
338 3223 406 3283 cap.
421 3201 472 3278 ad,
485 3200 541 3261 lib.
552 3203 590 3262 ll.
602 3204 706 3284 Veget.
722 3229 736 3258 ιι
747 3206 977 3286 Descriptiones
987 3202 1178 3282 Virgilianas
1188 3199 1269 3259 ride-

224 3310 297 3348 mur
315 3303 466 3369 spectare,
481 3311 545 3350 non
564 3290 701 3372 legere.»
722 3292 855 3367 Quintil.
876 3293 930 3351 lib.
944 3291 1015 3351 Vlll
1031 3291 1091 3362 ait,
1105 3289 1269 3368 Virgilium

225 3383 267 3439 ita
280 3376 390 3436 faciem
402 3381 463 3454 rei,
476 3399 570 3460 quam
585 3380 743 3463 depingit,
756 3381 932 3455 ostendere,
947 3405 960 3436 ιι
971 3393 1008 3440 ut
1019 3401 1084 3438 uon
1099 3379 1214 3438 clarior
1225 3376 1269 3435 iu·

223 3481 294 3528 tura
311 3465 407 3526 fuerit
424 3471 633 3548 spectantibus
644 3497 657 3527 ιι
671 3495 677 3528 :
694 3486 725 3531 et
743 3486 863 3552 postea,
880 3495 893 3526 ιι
904 3491 971 3530 rem
989 3467 1114 3550 subjicit
1133 3466 1267 3528 oculisr
1345 3521 1346 3540 ,

224 3557 422 3616 Minturnas:
438 3579 451 3608 ιι
464 3558 585 3619 Deinde
598 3562 666 3640 quis
682 3581 822 3642 unquam
839 3562 872 3618 in
887 3561 1011 3642 pictura
1026 3554 1176 3616 excellere
1192 3557 1268 3614 visus
1344 3599 1345 3612 ι

223 3658 284 3717 esi,
299 3644 377 3723 quin
388 3655 544 3725 tempora,
557 3647 643 3724 loca,
658 3663 782 3725 eventa,
797 3650 1006 3730 permotiones
1021 3645 1119 3704 animi
1133 3642 1232 3702 multo
1245 3643 1268 3700 is

224 3731 352 3805 melium
367 3733 531 3815 multoque
542 3738 716 3798 evidentius
732 3739 772 3799 ob
785 3739 891 3798 oculos
907 3734 1088 3818 posueritis
1109 3734 1265 3794 Vivesius:

226 3819 394 3902 nVirgilius
408 3843 480 3882 cum
494 3841 615 3902 namot,
630 3829 759 3909 perinde
772 3829 857 3887 ducit
870 3849 928 3887 nos
941 3829 975 3886 in
990 3845 1054 3886 rem
1068 3835 1266 3906 presentem,

224 3933 260 3972 ac
279 3911 304 3970 si
323 3908 420 3970 oculis
434 3925 661 3976 contueremur.
672 3943 686 3974 ιι
703 3918 760 3978 Sed
774 3930 894 3979 taceant
908 3914 960 3978 hic
976 3919 1083 3974 omnes
1099 3911 1265 3972 encomias-

226 4017 281 4079 tae,
295 3997 352 4061 ubi
366 3998 446 4058 adiri
458 4016 561 4081 potest
570 4018 654 4066 vates
669 4008 742 4087 ipse.
