<?xml version="1.0" encoding="UTF-8"?>
<!DOCTYPE html PUBLIC "-//W3C//DTD XHTML 1.0 Transitional//EN"
    "http://www.w3.org/TR/xhtml1/DTD/xhtml1-transitional.dtd">
<html xmlns="http://www.w3.org/1999/xhtml" xml:lang="en" lang="en">
 <head>
  <title>
</title>
<meta http-equiv="Content-Type" content="text/html;charset=utf-8" />
  <meta name='ocr-system' content='tesseract 3.04.00' />
  <meta name='ocr-capabilities' content='ocr_page ocr_carea ocr_par ocr_line ocrx_word'/>
</head>
<body>
  <div class='ocr_page' id='page_1' title='image "./pvirgiliusmaroq06barbgoog_0220.png"; bbox 0 0 2720 4588; ppageno 0'>
   <div class='ocr_carea' id='block_1_1' title="bbox 217 312 923 386">
    <p class='ocr_par' dir='ltr' id='par_1_1' title="bbox 217 312 923 386">
     <span class='ocr_line' id='line_1_1' title="bbox 217 312 923 386; baseline 0.003 -6"><span class='ocrx_word' id='word_1_1' title='bbox 217 315 280 382; x_wconf 78' lang='lat'><strong>206</strong></span> <span class='ocrx_word' id='word_1_2' title='bbox 539 312 923 386; x_wconf 67' lang='lat' dir='ltr'><strong>uOMMENTARIA</strong></span> 
     </span>
    </p>
   </div>
   <div class='ocr_carea' id='block_1_2' title="bbox 171 429 1263 2208">
    <p class='ocr_par' dir='ltr' id='par_1_2' title="bbox 212 429 1261 949">
     <span class='ocr_line' id='line_1_2' title="bbox 216 429 1260 526; baseline 0.002 -23"><span class='ocrx_word' id='word_1_3' title='bbox 216 445 300 503; x_wconf 84' lang='lat' dir='ltr'><strong>meris</strong></span> <span class='ocrx_word' id='word_1_4' title='bbox 312 440 432 501; x_wconf 74' lang='lat' dir='ltr'><strong>loriam</strong></span> <span class='ocrx_word' id='word_1_5' title='bbox 445 459 481 498; x_wconf 84' lang='lat' dir='ltr'><strong>ex</strong></span> <span class='ocrx_word' id='word_1_6' title='bbox 492 437 560 498; x_wconf 85' lang='lat' dir='ltr'><strong>albo</strong></span> <span class='ocrx_word' id='word_1_7' title='bbox 571 429 734 514; x_wconf 55' lang='lat' dir='ltr'><strong>brithalm,</strong></span> <span class='ocrx_word' id='word_1_8' title='bbox 746 440 796 500; x_wconf 86' lang='lat' dir='ltr'><strong>sed</strong></span> <span class='ocrx_word' id='word_1_9' title='bbox 804 440 995 524; x_wconf 75' lang='lat' dir='ltr'><em>squallentem</em></span> <span class='ocrx_word' id='word_1_10' title='bbox 1007 463 1098 504; x_wconf 85' lang='lat' dir='ltr'><strong>auro:</strong></span> <span class='ocrx_word' id='word_1_11' title='bbox 1113 445 1193 526; x_wconf 81' lang='lat' dir='ltr'><strong>optat</strong></span> <span class='ocrx_word' id='word_1_12' title='bbox 1206 441 1260 505; x_wconf 83' lang='lat' dir='ltr'><strong>sibi</strong></span> 
     </span>
     <span class='ocr_line' id='line_1_3' title="bbox 214 527 1261 622; baseline 0.002 -29"><span class='ocrx_word' id='word_1_13' title='bbox 214 551 309 593; x_wconf 72' lang='lat' dir='ltr'><strong>utrem</strong></span> <span class='ocrx_word' id='word_1_14' title='bbox 325 528 470 622; x_wconf 69' lang='lat' dir='ltr'><strong>bolorda,</strong></span> <span class='ocrx_word' id='word_1_15' title='bbox 489 528 522 588; x_wconf 90' lang='lat' dir='ltr'><strong>id</strong></span> <span class='ocrx_word' id='word_1_16' title='bbox 537 544 597 604; x_wconf 90' lang='lat' dir='ltr'><strong>est,</strong></span> <span class='ocrx_word' id='word_1_17' title='bbox 618 527 776 590; x_wconf 88' lang='lat' dir='ltr'><strong>habilem:</strong></span> <span class='ocrx_word' id='word_1_18' title='bbox 795 531 907 592; x_wconf 91' lang='lat' dir='ltr'><strong>deinde</strong></span> <span class='ocrx_word' id='word_1_19' title='bbox 920 531 1066 616; x_wconf 85' lang='lat' dir='ltr'><strong>clypeum,</strong></span> <span class='ocrx_word' id='word_1_20' title='bbox 1081 555 1154 594; x_wconf 86' lang='lat' dir='ltr'><strong>mox</strong></span> <span class='ocrx_word' id='word_1_21' title='bbox 1166 534 1261 595; x_wconf 77' lang='lat' dir='ltr'><strong>rubere</strong></span> 
     </span>
     <span class='ocr_line' id='line_1_4' title="bbox 214 617 1259 702; baseline 0 -20"><span class='ocrx_word' id='word_1_22' title='bbox 214 643 324 683; x_wconf 85' lang='lat' dir='ltr'><strong>comaa</strong></span> <span class='ocrx_word' id='word_1_23' title='bbox 338 622 442 692; x_wconf 85' lang='lat' dir='ltr'><strong>eristoe,</strong></span> <span class='ocrx_word' id='word_1_24' title='bbox 462 617 568 693; x_wconf 87' lang='lat' dir='ltr'><strong>idest,</strong></span> <span class='ocrx_word' id='word_1_25' title='bbox 588 621 694 679; x_wconf 86' lang='lat' dir='ltr'><strong>cristas</strong></span> <span class='ocrx_word' id='word_1_26' title='bbox 706 619 846 702; x_wconf 83' lang='lat' dir='ltr'>plumeas</span> <span class='ocrx_word' id='word_1_27' title='bbox 858 623 983 700; x_wconf 89' lang='lat' dir='ltr'><strong>rubras,</strong></span> <span class='ocrx_word' id='word_1_28' title='bbox 1000 638 1110 702; x_wconf 85' lang='lat' dir='ltr'><strong>sectas,</strong></span> <span class='ocrx_word' id='word_1_29' title='bbox 1129 622 1259 683; x_wconf 89' lang='lat' dir='ltr'><strong>divisas-</strong></span> 
     </span>
     <span class='ocr_line' id='line_1_5' title="bbox 213 707 1260 793; baseline 0 -23"><span class='ocrx_word' id='word_1_30' title='bbox 213 731 274 792; x_wconf 88' lang='lat' dir='ltr'><strong>que</strong></span> <span class='ocrx_word' id='word_1_31' title='bbox 285 709 380 770; x_wconf 89' lang='lat' dir='ltr'><strong>veluti</strong></span> <span class='ocrx_word' id='word_1_32' title='bbox 394 709 427 766; x_wconf 94' lang='lat' dir='ltr'><strong>in</strong></span> <span class='ocrx_word' id='word_1_33' title='bbox 440 728 568 768; x_wconf 88' lang='lat' dir='ltr'><strong>cornua.</strong></span> <span class='ocrx_word' id='word_1_34' title='bbox 579 707 671 769; x_wconf 85' lang='lat' dir='ltr'><strong>Redit</strong></span> <span class='ocrx_word' id='word_1_35' title='bbox 683 711 794 770; x_wconf 88' lang='lat' dir='ltr'><strong>iterum</strong></span> <span class='ocrx_word' id='word_1_36' title='bbox 807 709 846 768; x_wconf 86' lang='lat' dir='ltr'><strong>ad</strong></span> <span class='ocrx_word' id='word_1_37' title='bbox 859 731 979 788; x_wconf 84' lang='lat' dir='ltr'>ensem,</span> <span class='ocrx_word' id='word_1_38' title='bbox 991 710 1078 792; x_wconf 87' lang='lat' dir='ltr'><strong>cujus</strong></span> <span class='ocrx_word' id='word_1_39' title='bbox 1091 710 1260 793; x_wconf 87' lang='lat' dir='ltr'><strong>peculiaris</strong></span> 
     </span>
     <span class='ocr_line' id='line_1_6' title="bbox 212 798 1260 884; baseline 0.002 -26"><span class='ocrx_word' id='word_1_40' title='bbox 212 800 345 874; x_wconf 91' lang='lat' dir='ltr'><strong>mentio,</strong></span> <span class='ocrx_word' id='word_1_41' title='bbox 367 801 440 879; x_wconf 90' lang='lat' dir='ltr'><strong>quia</strong></span> <span class='ocrx_word' id='word_1_42' title='bbox 458 817 539 879; x_wconf 91' lang='lat' dir='ltr'><strong>opus</strong></span> <span class='ocrx_word' id='word_1_43' title='bbox 556 798 703 872; x_wconf 79' lang='lat' dir='ltr'><strong>Vulcani,</strong></span> <span class='ocrx_word' id='word_1_44' title='bbox 723 813 755 858; x_wconf 88' lang='lat' dir='ltr'><strong>et</strong></span> <span class='ocrx_word' id='word_1_45' title='bbox 773 800 859 860; x_wconf 90' lang='lat' dir='ltr'><strong>dono</strong></span> <span class='ocrx_word' id='word_1_46' title='bbox 878 800 987 860; x_wconf 88' lang='lat' dir='ltr'><strong>datum</strong></span> <span class='ocrx_word' id='word_1_47' title='bbox 1007 805 1120 862; x_wconf 89' lang='lat' dir='ltr'><strong>Da&#39;uno</strong></span> <span class='ocrx_word' id='word_1_48' title='bbox 1136 803 1260 884; x_wconf 87' lang='lat' dir='ltr'><strong>parenti</strong></span> 
     </span>
     <span class='ocr_line' id='line_1_7' title="bbox 212 887 321 949; baseline -0.018 -1"><span class='ocrx_word' id='word_1_49' title='bbox 212 887 321 949; x_wconf 86' lang='lat' dir='ltr'><strong>Turni.</strong></span> 
     </span>
    </p>

    <p class='ocr_par' dir='ltr' id='par_1_3' title="bbox 171 973 1263 2122">
     <span class='ocr_line' id='line_1_8' title="bbox 252 973 1259 1059; baseline 0 -21"><span class='ocrx_word' id='word_1_50' title='bbox 252 1000 300 1058; x_wconf 80' lang='lat'><strong>92.</strong></span> <span class='ocrx_word' id='word_1_51' title='bbox 314 978 481 1058; x_wconf 73' lang='lat' dir='ltr'><strong>Praecipuae</strong></span> <span class='ocrx_word' id='word_1_52' title='bbox 492 995 589 1035; x_wconf 75' lang='lat' dir='ltr'><strong>morae</strong></span> <span class='ocrx_word' id='word_1_53' title='bbox 601 977 633 1036; x_wconf 93' lang='lat' dir='ltr'><strong>in</strong></span> <span class='ocrx_word' id='word_1_54' title='bbox 648 973 751 1051; x_wconf 84' lang='lat' dir='ltr'><strong>hasta3</strong></span> <span class='ocrx_word' id='word_1_55' title='bbox 765 997 837 1037; x_wconf 91' lang='lat' dir='ltr'><strong>nam</strong></span> <span class='ocrx_word' id='word_1_56' title='bbox 850 999 884 1038; x_wconf 91' lang='lat' dir='ltr'><strong>ea</strong></span> <span class='ocrx_word' id='word_1_57' title='bbox 899 980 1029 1059; x_wconf 90' lang='lat' dir='ltr'><strong>putabat</strong></span> <span class='ocrx_word' id='word_1_58' title='bbox 1042 981 1166 1038; x_wconf 78' lang='lat' dir='ltr'><strong>Turnus</strong></span> <span class='ocrx_word' id='word_1_59' title='bbox 1180 999 1259 1038; x_wconf 87' lang='lat' dir='ltr'><strong>con·</strong></span> 
     </span>
     <span class='ocr_line' id='line_1_9' title="bbox 210 1063 1261 1150; baseline -0.001 -23"><span class='ocrx_word' id='word_1_60' title='bbox 210 1065 372 1149; x_wconf 80' lang='lat' dir='ltr'><strong>figendum</strong></span> <span class='ocrx_word' id='word_1_61' title='bbox 383 1065 499 1124; x_wconf 83' lang='lat' dir='ltr'><strong>AEnean</strong></span> <span class='ocrx_word' id='word_1_62' title='bbox 510 1089 517 1124; x_wconf 72' lang='grc' dir='ltr'><strong><em>ε</em></strong></span> <span class='ocrx_word' id='word_1_63' title='bbox 531 1066 635 1148; x_wconf 86' lang='lat' dir='ltr'><strong>itaque</strong></span> <span class='ocrx_word' id='word_1_64' title='bbox 648 1063 729 1126; x_wconf 87' lang='lat' dir='ltr'><strong>hanc</strong></span> <span class='ocrx_word' id='word_1_65' title='bbox 740 1070 871 1149; x_wconf 82' lang='lat' dir='ltr'><strong>corripit,</strong></span> <span class='ocrx_word' id='word_1_66' title='bbox 879 1069 959 1150; x_wconf 34' lang='lat' dir='ltr'><strong>,quia</strong></span> <span class='ocrx_word' id='word_1_67' title='bbox 968 1067 1166 1128; x_wconf 80' lang='lat' dir='ltr'><strong>festinanter:</strong></span> <span class='ocrx_word' id='word_1_68' title='bbox 1177 1067 1261 1126; x_wconf 88' lang='lat' dir='ltr'><strong>hanc</strong></span> 
     </span>
     <span class='ocr_line' id='line_1_10' title="bbox 209 1151 1261 1237; baseline -0.003 -22"><span class='ocrx_word' id='word_1_69' title='bbox 209 1167 328 1237; x_wconf 81' lang='lat' dir='ltr'><strong><em>quassat</em></strong></span> <span class='ocrx_word' id='word_1_70' title='bbox 341 1166 520 1224; x_wconf 74' lang='lat' dir='ltr'><strong>trementem,</strong></span> <span class='ocrx_word' id='word_1_71' title='bbox 540 1151 572 1210; x_wconf 95' lang='lat' dir='ltr'><strong>id</strong></span> <span class='ocrx_word' id='word_1_72' title='bbox 588 1167 650 1228; x_wconf 88' lang='lat' dir='ltr'><strong>est,</strong></span> <span class='ocrx_word' id='word_1_73' title='bbox 669 1175 768 1235; x_wconf 86' lang='lat' dir='ltr'><strong>quum</strong></span> <span class='ocrx_word' id='word_1_74' title='bbox 780 1167 918 1235; x_wconf 81' lang='lat' dir='ltr'><strong>quassat,</strong></span> <span class='ocrx_word' id='word_1_75' title='bbox 936 1153 1010 1214; x_wconf 87' lang='lat' dir='ltr'><strong>facit</strong></span> <span class='ocrx_word' id='word_1_76' title='bbox 1021 1168 1162 1213; x_wconf 89' lang='lat' dir='ltr'><strong>tremere.</strong></span> <span class='ocrx_word' id='word_1_77' title='bbox 1178 1153 1261 1212; x_wconf 91' lang='lat' dir='ltr'><strong>Cum</strong></span> 
     </span>
     <span class='ocr_line' id='line_1_11' title="bbox 211 1240 1263 1326; baseline -0.005 -20"><span class='ocrx_word' id='word_1_78' title='bbox 211 1268 247 1306; x_wconf 88' lang='lat' dir='ltr'><strong>ea</strong></span> <span class='ocrx_word' id='word_1_79' title='bbox 258 1245 400 1326; x_wconf 90' lang='lat' dir='ltr'><strong>loquitur</strong></span> <span class='ocrx_word' id='word_1_80' title='bbox 411 1240 583 1301; x_wconf 85' lang='lat' dir='ltr'><strong>admodum</strong></span> <span class='ocrx_word' id='word_1_81' title='bbox 594 1243 813 1317; x_wconf 82' lang='lat' dir='ltr'><strong>vociferanter,</strong></span> <span class='ocrx_word' id='word_1_82' title='bbox 828 1241 967 1322; x_wconf 79' lang='lat' dir='ltr'><strong>gaudens</strong></span> <span class='ocrx_word' id='word_1_83' title='bbox 980 1261 1048 1302; x_wconf 90' lang='lat' dir='ltr'><strong>eam</strong></span> <span class='ocrx_word' id='word_1_84' title='bbox 1062 1243 1156 1302; x_wconf 87' lang='lat' dir='ltr'><strong>fuisse</strong></span> <span class='ocrx_word' id='word_1_85' title='bbox 1169 1245 1263 1302; x_wconf 82' lang='lat' dir='ltr'><strong>Acto-</strong></span> 
     </span>
     <span class='ocr_line' id='line_1_12' title="bbox 209 1333 1262 1414; baseline -0.006 -16"><span class='ocrx_word' id='word_1_86' title='bbox 209 1340 251 1398; x_wconf 86' lang='lat' dir='ltr'><strong>ris</strong></span> <span class='ocrx_word' id='word_1_87' title='bbox 263 1335 416 1406; x_wconf 83' lang='lat' dir='ltr'><strong>Aurunci,</strong></span> <span class='ocrx_word' id='word_1_88' title='bbox 435 1346 521 1391; x_wconf 77' lang='lat' dir='ltr'><strong>nun&#39;c</strong></span> <span class='ocrx_word' id='word_1_89' title='bbox 534 1351 640 1405; x_wconf 82' lang='lat' dir='ltr'><strong>suam3</strong></span> <span class='ocrx_word' id='word_1_90' title='bbox 659 1335 798 1414; x_wconf 86' lang='lat' dir='ltr'><strong>petitque</strong></span> <span class='ocrx_word' id='word_1_91' title='bbox 813 1333 851 1392; x_wconf 88' lang='lat' dir='ltr'><strong>ab</strong></span> <span class='ocrx_word' id='word_1_92' title='bbox 864 1353 915 1408; x_wconf 88' lang='lat' dir='ltr'><strong>ea,</strong></span> <span class='ocrx_word' id='word_1_93' title='bbox 934 1347 968 1392; x_wconf 92' lang='lat' dir='ltr'><strong>ut</strong></span> <span class='ocrx_word' id='word_1_94' title='bbox 980 1351 1077 1414; x_wconf 90' lang='lat' dir='ltr'><strong>quum</strong></span> <span class='ocrx_word' id='word_1_95' title='bbox 1090 1352 1262 1414; x_wconf 87' lang='lat' dir='ltr'><strong>nunquam</strong></span> 
     </span>
     <span class='ocr_line' id='line_1_13' title="bbox 171 1417 1261 1502; baseline -0.006 -18"><span class='ocrx_word' id='word_1_96' title='bbox 171 1417 173 1422; x_wconf 44' lang='lat'><strong>¹</strong></span> <span class='ocrx_word' id='word_1_97' title='bbox 209 1427 303 1484; x_wconf 85' lang='lat' dir='ltr'><strong>missa</strong></span> <span class='ocrx_word' id='word_1_98' title='bbox 314 1422 431 1480; x_wconf 86' lang='lat' dir='ltr'><strong>frustra</strong></span> <span class='ocrx_word' id='word_1_99' title='bbox 447 1418 555 1491; x_wconf 90' lang='lat' dir='ltr'><strong>fuerit,</strong></span> <span class='ocrx_word' id='word_1_100' title='bbox 574 1439 658 1478; x_wconf 92' lang='lat' dir='ltr'><strong>nunc</strong></span> <span class='ocrx_word' id='word_1_101' title='bbox 674 1422 829 1501; x_wconf 83' lang='lat' dir='ltr'><strong>praecipue</strong></span> <span class='ocrx_word' id='word_1_102' title='bbox 846 1420 940 1494; x_wconf 89' lang='lat' dir='ltr'><strong>adsit,</strong></span> <span class='ocrx_word' id='word_1_103' title='bbox 961 1439 1061 1502; x_wconf 90' lang='lat' dir='ltr'><strong>quum</strong></span> <span class='ocrx_word' id='word_1_104' title='bbox 1073 1419 1261 1479; x_wconf 87' lang='lat' dir='ltr'><strong>sternendus</strong></span> 
     </span>
     <span class='ocr_line' id='line_1_14' title="bbox 210 1507 1261 1589; baseline -0.009 -16"><span class='ocrx_word' id='word_1_105' title='bbox 210 1513 338 1573; x_wconf 81' lang='lat' dir='ltr'><strong>semivir</strong></span> <span class='ocrx_word' id='word_1_106' title='bbox 351 1507 472 1588; x_wconf 74' lang='lat' dir='ltr'><strong>Phryx:</strong></span> <span class='ocrx_word' id='word_1_107' title='bbox 496 1527 657 1588; x_wconf 92' lang='lat' dir='ltr'><strong>quumque</strong></span> <span class='ocrx_word' id='word_1_108' title='bbox 679 1507 821 1568; x_wconf 87' lang='lat' dir='ltr'><strong>foedandi</strong></span> <span class='ocrx_word' id='word_1_109' title='bbox 843 1510 906 1568; x_wconf 92' lang='lat' dir='ltr'><strong>sint</strong></span> <span class='ocrx_word' id='word_1_110' title='bbox 926 1507 1054 1589; x_wconf 89' lang='lat' dir='ltr'><strong>pulvere</strong></span> <span class='ocrx_word' id='word_1_111' title='bbox 1072 1511 1171 1568; x_wconf 88' lang='lat' dir='ltr'><strong>crines</strong></span> <span class='ocrx_word' id='word_1_112' title='bbox 1193 1507 1261 1584; x_wconf 88' lang='lat' dir='ltr'><strong>illi,</strong></span> 
     </span>
     <span class='ocr_line' id='line_1_15' title="bbox 207 1595 1261 1686; baseline -0.006 -24"><span class='ocrx_word' id='word_1_113' title='bbox 207 1605 294 1686; x_wconf 84' lang='lat' dir='ltr'><strong>prius</strong></span> <span class='ocrx_word' id='word_1_114' title='bbox 307 1597 420 1659; x_wconf 91' lang='lat' dir='ltr'><strong>vibrati</strong></span> <span class='ocrx_word' id='word_1_115' title='bbox 434 1595 516 1657; x_wconf 90' lang='lat' dir='ltr'><strong>ferro</strong></span> <span class='ocrx_word' id='word_1_116' title='bbox 531 1595 648 1670; x_wconf 89' lang='lat' dir='ltr'><strong>calido,</strong></span> <span class='ocrx_word' id='word_1_117' title='bbox 661 1611 690 1656; x_wconf 90' lang='lat' dir='ltr'><strong>et</strong></span> <span class='ocrx_word' id='word_1_118' title='bbox 701 1598 858 1658; x_wconf 87' lang='lat' dir='ltr'><strong>madentes</strong></span> <span class='ocrx_word' id='word_1_119' title='bbox 868 1597 1004 1679; x_wconf 78' lang='lat' dir='ltr'><strong>myrrha.</strong></span> <span class='ocrx_word' id='word_1_120' title='bbox 1017 1597 1112 1671; x_wconf 87' lang='lat' dir='ltr'><strong>lttud,</strong></span> <span class='ocrx_word' id='word_1_121' title='bbox 1130 1595 1261 1656; x_wconf 84' lang='lat' dir='ltr'><strong>lacerare</strong></span> 
     </span>
     <span class='ocr_line' id='line_1_16' title="bbox 207 1683 1259 1757; baseline -0.008 -7"><span class='ocrx_word' id='word_1_122' title='bbox 207 1687 351 1749; x_wconf 80' lang='lat' dir='ltr'><strong>reuulsam</strong></span> <span class='ocrx_word' id='word_1_123' title='bbox 365 1683 498 1757; x_wconf 84' lang='lat' dir='ltr'><strong>loricam,</strong></span> <span class='ocrx_word' id='word_1_124' title='bbox 521 1697 579 1757; x_wconf 87' lang='lat' dir='ltr'><strong>est,</strong></span> <span class='ocrx_word' id='word_1_125' title='bbox 601 1683 734 1744; x_wconf 87' lang='lat' dir='ltr'><strong>lacerare</strong></span> <span class='ocrx_word' id='word_1_126' title='bbox 749 1700 779 1744; x_wconf 89' lang='lat' dir='ltr'><strong>et</strong></span> <span class='ocrx_word' id='word_1_127' title='bbox 793 1684 958 1745; x_wconf 86' lang='lat' dir='ltr'><strong>revellere:</strong></span> <span class='ocrx_word' id='word_1_128' title='bbox 977 1685 1071 1747; x_wconf 91' lang='lat' dir='ltr'><strong>habet</strong></span> <span class='ocrx_word' id='word_1_129' title='bbox 1082 1705 1155 1745; x_wconf 85' lang='lat' dir='ltr'><strong>vero</strong></span> <span class='ocrx_word' id='word_1_130' title='bbox 1171 1703 1259 1743; x_wconf 90' lang='lat' dir='ltr'><strong>ener-</strong></span> 
     </span>
     <span class='ocr_line' id='line_1_17' title="bbox 207 1771 1260 1859; baseline -0.005 -22"><span class='ocrx_word' id='word_1_131' title='bbox 207 1775 409 1859; x_wconf 80' lang='lat' dir='ltr'><strong>giam,quasi</strong></span> <span class='ocrx_word' id='word_1_132' title='bbox 419 1772 518 1845; x_wconf 83' lang='lat' dir='ltr'><strong>dicat;</strong></span> <span class='ocrx_word' id='word_1_133' title='bbox 530 1787 560 1830; x_wconf 91' lang='lat' dir='ltr'><strong>te</strong></span> <span class='ocrx_word' id='word_1_134' title='bbox 571 1771 659 1831; x_wconf 87' lang='lat' dir='ltr'><strong>hasta</strong></span> <span class='ocrx_word' id='word_1_135' title='bbox 670 1772 851 1853; x_wconf 76' lang='lat' dir='ltr'><strong>perforante</strong></span> <span class='ocrx_word' id='word_1_136' title='bbox 861 1790 891 1834; x_wconf 92' lang='lat' dir='ltr'><strong>et</strong></span> <span class='ocrx_word' id='word_1_137' title='bbox 900 1788 1056 1835; x_wconf 89' lang='lat' dir='ltr'><strong>sternente</strong></span> <span class='ocrx_word' id='word_1_138' title='bbox 1066 1773 1178 1835; x_wconf 87' lang='lat' dir='ltr'><strong>hostile</strong></span> <span class='ocrx_word' id='word_1_139' title='bbox 1187 1793 1260 1833; x_wconf 90' lang='lat' dir='ltr'><strong>cor-</strong></span> 
     </span>
     <span class='ocr_line' id='line_1_18' title="bbox 207 1860 1256 1948; baseline -0.005 -24"><span class='ocrx_word' id='word_1_140' title='bbox 207 1881 281 1948; x_wconf 86' lang='lat' dir='ltr'><strong>pus,</strong></span> <span class='ocrx_word' id='word_1_141' title='bbox 291 1860 387 1923; x_wconf 90' lang='lat' dir='ltr'><strong>lorica</strong></span> <span class='ocrx_word' id='word_1_142' title='bbox 398 1879 524 1940; x_wconf 90' lang='lat' dir='ltr'><strong>quoquc</strong></span> <span class='ocrx_word' id='word_1_143' title='bbox 532 1860 756 1940; x_wconf 85' lang='lat' dir='ltr'><strong>perforabitur,</strong></span> <span class='ocrx_word' id='word_1_144' title='bbox 767 1863 943 1944; x_wconf 88' lang='lat' dir='ltr'><strong>acproinde</strong></span> <span class='ocrx_word' id='word_1_145' title='bbox 951 1865 1138 1924; x_wconf 89' lang='lat' dir='ltr'><strong>lacerabitur</strong></span> <span class='ocrx_word' id='word_1_146' title='bbox 1144 1861 1238 1923; x_wconf 90' lang='lat' dir='ltr'><strong>facile</strong></span> <span class='ocrx_word' id='word_1_147' title='bbox 1249 1885 1256 1919; x_wconf 92' lang='lat'><strong>:</strong></span> 
     </span>
     <span class='ocr_line' id='line_1_19' title="bbox 206 1949 1256 2034; baseline -0.004 -20"><span class='ocrx_word' id='word_1_148' title='bbox 206 1957 277 2014; x_wconf 88' lang='lat' dir='ltr'><strong>ideo</strong></span> <span class='ocrx_word' id='word_1_149' title='bbox 289 1971 380 2031; x_wconf 72' lang='lat' dir='ltr'><strong>ergo,</strong></span> <span class='ocrx_word' id='word_1_150' title='bbox 395 1949 432 2007; x_wconf 83' lang='lat' dir='ltr'><strong>da</strong></span> <span class='ocrx_word' id='word_1_151' title='bbox 444 1963 566 2008; x_wconf 84' lang='lat' dir='ltr'><strong>sternere</strong></span> <span class='ocrx_word' id='word_1_152' title='bbox 577 1970 693 2031; x_wconf 86' lang='lat' dir='ltr'><strong>corpus,</strong></span> <span class='ocrx_word' id='word_1_153' title='bbox 708 1973 743 2011; x_wconf 91' lang='lat' dir='ltr'><strong>ac</strong></span> <span class='ocrx_word' id='word_1_154' title='bbox 758 1951 906 2034; x_wconf 87' lang='lat' dir='ltr'><strong>proinde,</strong></span> <span class='ocrx_word' id='word_1_155' title='bbox 925 1954 962 2012; x_wconf 87' lang='lat' dir='ltr'><strong>da</strong></span> <span class='ocrx_word' id='word_1_156' title='bbox 978 1951 1098 2014; x_wconf 85' lang='lat' dir='ltr'><strong>loricam</strong></span> <span class='ocrx_word' id='word_1_157' title='bbox 1114 1951 1256 2025; x_wconf 81' lang='lat' dir='ltr'><strong>lacerare,</strong></span> 
     </span>
     <span class='ocr_line' id='line_1_20' title="bbox 202 2033 1121 2122; baseline -0.003 -21"><span class='ocrx_word' id='word_1_158' title='bbox 202 2041 291 2122; x_wconf 87' lang='lat' dir='ltr'><strong>juxta</strong></span> <span class='ocrx_word' id='word_1_159' title='bbox 302 2038 381 2098; x_wconf 92' lang='lat' dir='ltr'><strong>illud</strong></span> <span class='ocrx_word' id='word_1_160' title='bbox 396 2033 452 2094; x_wconf 88' lang='lat' dir='ltr'><strong>lib.</strong></span> <span class='ocrx_word' id='word_1_161' title='bbox 465 2037 522 2109; x_wconf 85' lang='lat' dir='ltr'><strong>XI,</strong></span> <span class='ocrx_word' id='word_1_162' title='bbox 536 2039 604 2096; x_wconf 87' lang='lat' dir='ltr'><strong>AEn.</strong></span> <span class='ocrx_word' id='word_1_163' title='bbox 619 2051 648 2097; x_wconf 88' lang='lat' dir='ltr'><strong>et</strong></span> <span class='ocrx_word' id='word_1_164' title='bbox 658 2037 700 2097; x_wconf 83' lang='lat' dir='ltr'><strong>bis</strong></span> <span class='ocrx_word' id='word_1_165' title='bbox 711 2061 760 2099; x_wconf 85' lang='lat' dir='ltr'><strong>sex</strong></span> <span class='ocrx_word' id='word_1_166' title='bbox 774 2037 843 2100; x_wconf 86' lang='lat' dir='ltr'><strong>locis</strong></span> <span class='ocrx_word' id='word_1_167' title='bbox 858 2040 976 2102; x_wconf 80' lang='lat' dir='ltr'><strong>thoraca</strong></span> <span class='ocrx_word' id='word_1_168' title='bbox 988 2044 1121 2121; x_wconf 83' lang='lat' dir='ltr'><strong>petitum.</strong></span> 
     </span>
    </p>

    <p class='ocr_par' dir='ltr' id='par_1_4' title="bbox 249 2123 1256 2208">
     <span class='ocr_line' id='line_1_21' title="bbox 249 2123 1256 2208; baseline -0.002 -20"><span class='ocrx_word' id='word_1_169' title='bbox 249 2151 313 2188; x_wconf 85' lang='lat' dir='ltr'><strong>ror.</strong></span> <span class='ocrx_word' id='word_1_170' title='bbox 335 2129 378 2186; x_wconf 90' lang='lat' dir='ltr'><strong>Ut</strong></span> <span class='ocrx_word' id='word_1_171' title='bbox 397 2123 515 2186; x_wconf 88' lang='lat' dir='ltr'><strong>clarum</strong></span> <span class='ocrx_word' id='word_1_172' title='bbox 531 2148 566 2184; x_wconf 88' lang='lat' dir='ltr'><strong>ex</strong></span> <span class='ocrx_word' id='word_1_173' title='bbox 583 2127 846 2208; x_wconf 66' lang='lat' dir='ltr'><strong>praecedentibus,</strong></span> <span class='ocrx_word' id='word_1_174' title='bbox 864 2133 988 2190; x_wconf 87' lang='lat' dir='ltr'><strong>Turnus</strong></span> <span class='ocrx_word' id='word_1_175' title='bbox 1003 2143 1149 2190; x_wconf 89' lang='lat' dir='ltr'><strong>nontam</strong></span> <span class='ocrx_word' id='word_1_176' title='bbox 1164 2129 1256 2188; x_wconf 88' lang='lat' dir='ltr'><strong>irasci</strong></span> 
     </span>
    </p>
   </div>
   <div class='ocr_carea' id='block_1_3' title="bbox 205 2215 1354 2303">
    <p class='ocr_par' dir='ltr' id='par_1_5' title="bbox 205 2215 1354 2303">
     <span class='ocr_line' id='line_1_22' title="bbox 205 2215 1354 2303; baseline -0.002 -25"><span class='ocrx_word' id='word_1_177' title='bbox 205 2219 331 2292; x_wconf 88' lang='lat' dir='ltr'><strong>dieitur,</strong></span> <span class='ocrx_word' id='word_1_178' title='bbox 346 2238 440 2297; x_wconf 88' lang='lat' dir='ltr'><strong>quam</strong></span> <span class='ocrx_word' id='word_1_179' title='bbox 450 2215 587 2289; x_wconf 74' lang='lat' dir='ltr'><strong>efferari,</strong></span> <span class='ocrx_word' id='word_1_180' title='bbox 603 2217 673 2278; x_wconf 91' lang='lat' dir='ltr'><strong>ideo</strong></span> <span class='ocrx_word' id='word_1_181' title='bbox 687 2218 725 2278; x_wconf 92' lang='lat' dir='ltr'><strong>de</strong></span> <span class='ocrx_word' id='word_1_182' title='bbox 736 2219 809 2295; x_wconf 90' lang='lat' dir='ltr'><strong>illo,</strong></span> <span class='ocrx_word' id='word_1_183' title='bbox 819 2223 929 2303; x_wconf 73' lang='lat' dir='ltr'><strong>cipitur,</strong></span> <span class='ocrx_word' id='word_1_184' title='bbox 943 2221 1083 2294; x_wconf 82' lang='lat' dir='ltr'><strong>nouira,</strong></span> <span class='ocrx_word' id='word_1_185' title='bbox 1097 2217 1255 2301; x_wconf 79' lang='lat' dir='ltr'><strong>sedfitria,</strong></span> <span class='ocrx_word' id='word_1_186' title='bbox 1353 2253 1354 2260; x_wconf 73' lang='lat'><strong>.</strong></span> 
     </span>
    </p>
   </div>
   <div class='ocr_carea' id='block_1_4' title="bbox 106 2305 1353 2570">
    <p class='ocr_par' dir='ltr' id='par_1_6' title="bbox 106 2305 1353 2570">
     <span class='ocr_line' id='line_1_23' title="bbox 203 2305 1254 2411; baseline -0.003 -42"><span class='ocrx_word' id='word_1_187' title='bbox 203 2314 301 2370; x_wconf 89' lang='lat' dir='ltr'><strong>immo</strong></span> <span class='ocrx_word' id='word_1_188' title='bbox 311 2307 416 2392; x_wconf 73' lang='lat' dir='ltr'><strong>jin-iis,</strong></span> <span class='ocrx_word' id='word_1_189' title='bbox 436 2307 523 2386; x_wconf 85' lang='lat' dir='ltr'><strong>quasi</strong></span> <span class='ocrx_word' id='word_1_190' title='bbox 539 2309 570 2364; x_wconf 93' lang='lat' dir='ltr'><strong>in</strong></span> <span class='ocrx_word' id='word_1_191' title='bbox 590 2307 646 2366; x_wconf 88' lang='lat' dir='ltr'><strong>illo</strong></span> <span class='ocrx_word' id='word_1_192' title='bbox 664 2311 807 2370; x_wconf 77' lang='lat' dir='ltr'><strong>saevirent</strong></span> <span class='ocrx_word' id='word_1_193' title='bbox 820 2311 983 2394; x_wconf 81' lang='lat' dir='ltr'><strong>Erinnyes.</strong></span> <span class='ocrx_word' id='word_1_194' title='bbox 1004 2311 1113 2411; x_wconf 54' lang='lat' dir='ltr'><strong>ltaspue</strong></span> <span class='ocrx_word' id='word_1_195' title='bbox 1131 2305 1254 2366; x_wconf 85' lang='lat' dir='ltr'><strong>videbis</strong></span> 
     </span>
     <span class='ocr_line' id='line_1_24' title="bbox 204 2393 1353 2480; baseline -0.005 -22"><span class='ocrx_word' id='word_1_196' title='bbox 204 2397 317 2479; x_wconf 81' lang='lat' dir='ltr'><strong>gradus</strong></span> <span class='ocrx_word' id='word_1_197' title='bbox 329 2398 361 2455; x_wconf 90' lang='lat' dir='ltr'><strong>in</strong></span> <span class='ocrx_word' id='word_1_198' title='bbox 373 2397 495 2469; x_wconf 84' lang='lat' dir='ltr'><strong>Turn03</strong></span> <span class='ocrx_word' id='word_1_199' title='bbox 509 2415 582 2454; x_wconf 86' lang='lat' dir='ltr'><strong>narn</strong></span> <span class='ocrx_word' id='word_1_200' title='bbox 595 2397 698 2477; x_wconf 88' lang='lat' dir='ltr'><strong>primo</strong></span> <span class='ocrx_word' id='word_1_201' title='bbox 717 2397 910 2480; x_wconf 77' lang='lat' dir='ltr'><strong>implacabilis</strong></span> <span class='ocrx_word' id='word_1_202' title='bbox 921 2398 1002 2459; x_wconf 74' lang='lat' dir='ltr'><strong>ardet</strong></span> <span class='ocrx_word' id='word_1_203' title='bbox 1013 2423 1021 2456; x_wconf 91' lang='lat'><strong>:</strong></span> <span class='ocrx_word' id='word_1_204' title='bbox 1034 2395 1146 2456; x_wconf 85' lang='lat' dir='ltr'><strong>derude</strong></span> <span class='ocrx_word' id='word_1_205' title='bbox 1158 2393 1254 2457; x_wconf 90' lang='lat' dir='ltr'><strong>ardor</strong></span> <span class='ocrx_word' id='word_1_206' title='bbox 1352 2425 1353 2430; x_wconf 46' lang='lat'><strong>.</strong></span> 
     </span>
     <span class='ocr_line' id='line_1_25' title="bbox 106 2485 1353 2570; baseline -0.006 -21"><span class='ocrx_word' id='word_1_207' title='bbox 106 2521 114 2534; x_wconf 86' lang='lat'>·</span> <span class='ocrx_word' id='word_1_208' title='bbox 203 2491 260 2549; x_wconf 88' lang='lat' dir='ltr'><strong>iste</strong></span> <span class='ocrx_word' id='word_1_209' title='bbox 274 2507 345 2548; x_wconf 83' lang='lat' dir='ltr'><strong>cunr</strong></span> <span class='ocrx_word' id='word_1_210' title='bbox 360 2485 526 2559; x_wconf 82' lang='lat' dir='ltr'><strong>violentia3</strong></span> <span class='ocrx_word' id='word_1_211' title='bbox 546 2507 619 2544; x_wconf 88' lang='lat' dir='ltr'><strong>narn</strong></span> <span class='ocrx_word' id='word_1_212' title='bbox 639 2507 760 2548; x_wconf 81' lang='lat' dir='ltr'><strong>accenso</strong></span> <span class='ocrx_word' id='word_1_213' title='bbox 775 2487 873 2570; x_wconf 81' lang='lat' dir='ltr'><strong>qliscit</strong></span> <span class='ocrx_word' id='word_1_214' title='bbox 889 2486 1027 2548; x_wconf 84' lang='lat' dir='ltr'><strong>violentia</strong></span> <span class='ocrx_word' id='word_1_215' title='bbox 1048 2490 1159 2558; x_wconf 83' lang='lat' dir='ltr'><strong>Turno,</strong></span> <span class='ocrx_word' id='word_1_216' title='bbox 1182 2503 1253 2564; x_wconf 82' lang='lat' dir='ltr'><strong>quae</strong></span> <span class='ocrx_word' id='word_1_217' title='bbox 1352 2555 1353 2558; x_wconf 7' lang='grc' dir='ltr'><strong>Ἴ</strong></span> 
     </span>
    </p>
   </div>
   <div class='ocr_carea' id='block_1_5' title="bbox 200 2675 1260 4102">
    <p class='ocr_par' dir='ltr' id='par_1_7' title="bbox 203 2675 1260 2985">
     <span class='ocr_line' id='line_1_26' title="bbox 203 2675 1256 2752; baseline -0.004 -22"><span class='ocrx_word' id='word_1_218' title='bbox 203 2679 309 2730; x_wconf 81' lang='lat' dir='ltr'><strong>cumdat</strong></span> <span class='ocrx_word' id='word_1_219' title='bbox 320 2677 428 2728; x_wconf 81' lang='lat' dir='ltr'><strong>loricam</strong></span> <span class='ocrx_word' id='word_1_220' title='bbox 446 2676 565 2728; x_wconf 79' lang='lat' dir='ltr'><strong>hameris.</strong></span> <span class='ocrx_word' id='word_1_221' title='bbox 587 2677 649 2728; x_wconf 89' lang='lat' dir='ltr'><strong>Non</strong></span> <span class='ocrx_word' id='word_1_222' title='bbox 662 2699 705 2729; x_wconf 90' lang='lat' dir='ltr'><strong>ar·</strong></span> <span class='ocrx_word' id='word_1_223' title='bbox 749 2683 776 2730; x_wconf 90' lang='lat' dir='ltr'><strong>in</strong></span> <span class='ocrx_word' id='word_1_224' title='bbox 787 2682 1107 2752; x_wconf 84' lang='lat' dir='ltr'><strong>septimaequorum;ut,</strong></span> <span class='ocrx_word' id='word_1_225' title='bbox 1118 2675 1256 2728; x_wconf 77' lang='lat' dir='ltr'><strong>«Stabant</strong></span> 
     </span>
     <span class='ocr_line' id='line_1_27' title="bbox 203 2753 1260 2828; baseline -0.005 -18"><span class='ocrx_word' id='word_1_226' title='bbox 203 2771 291 2810; x_wconf 85' lang='lat' dir='ltr'><strong>matur</strong></span> <span class='ocrx_word' id='word_1_227' title='bbox 318 2756 372 2808; x_wconf 87' lang='lat' dir='ltr'><strong>hoc</strong></span> <span class='ocrx_word' id='word_1_228' title='bbox 402 2755 477 2821; x_wconf 86' lang='lat' dir='ltr'><strong>loco,</strong></span> <span class='ocrx_word' id='word_1_229' title='bbox 510 2755 558 2807; x_wconf 90' lang='lat' dir='ltr'><strong>sed</strong></span> <span class='ocrx_word' id='word_1_230' title='bbox 584 2757 705 2828; x_wconf 81' lang='lat' dir='ltr'><strong>explorat</strong></span> <span class='ocrx_word' id='word_1_231' title='bbox 749 2771 896 2810; x_wconf 82' lang='lat' dir='ltr'><strong>tercentum</strong></span> <span class='ocrx_word' id='word_1_232' title='bbox 908 2756 987 2808; x_wconf 89' lang='lat' dir='ltr'><strong>nitidi</strong></span> <span class='ocrx_word' id='word_1_233' title='bbox 996 2757 1024 2805; x_wconf 90' lang='lat' dir='ltr'><strong>in</strong></span> <span class='ocrx_word' id='word_1_234' title='bbox 1034 2753 1199 2824; x_wconf 78' lang='lat' dir='ltr'><strong>praesepibus</strong></span> <span class='ocrx_word' id='word_1_235' title='bbox 1212 2755 1260 2822; x_wconf 71' lang='grc' dir='ltr'><strong>ειΙ-ι</strong></span> 
     </span>
     <span class='ocr_line' id='line_1_28' title="bbox 203 2835 1253 2908; baseline -0.005 -20"><span class='ocrx_word' id='word_1_236' title='bbox 203 2851 291 2889; x_wconf 88' lang='lat' dir='ltr'><strong>utrum</strong></span> <span class='ocrx_word' id='word_1_237' title='bbox 309 2855 383 2888; x_wconf 89' lang='lat' dir='ltr'><strong>arma</strong></span> <span class='ocrx_word' id='word_1_238' title='bbox 400 2847 462 2905; x_wconf 85' lang='lat' dir='ltr'><strong>apte</strong></span> <span class='ocrx_word' id='word_1_239' title='bbox 476 2847 502 2887; x_wconf 87' lang='lat' dir='ltr'><strong>et</strong></span> <span class='ocrx_word' id='word_1_240' title='bbox 519 2853 635 2908; x_wconf 71' lang='lat' dir='ltr'><strong>congrue</strong></span> <span class='ocrx_word' id='word_1_241' title='bbox 648 2839 704 2906; x_wconf 88' lang='lat' dir='ltr'><strong>ejus</strong></span> <span class='ocrx_word' id='word_1_242' title='bbox 749 2839 814 2888; x_wconf 67' lang='lat' dir='ltr'><strong>tis.»</strong></span> <span class='ocrx_word' id='word_1_243' title='bbox 838 2835 1000 2890; x_wconf 76' lang='lat' dir='ltr'><strong>Seru-Ex</strong></span> <span class='ocrx_word' id='word_1_244' title='bbox 1020 2851 1094 2884; x_wconf 91' lang='lat' dir='ltr'><strong>more</strong></span> <span class='ocrx_word' id='word_1_245' title='bbox 1115 2844 1253 2901; x_wconf 88' lang='lat' dir='ltr'><strong>veterum,</strong></span> 
     </span>
     <span class='ocr_line' id='line_1_29' title="bbox 203 2909 1254 2985; baseline -0.006 -17"><span class='ocrx_word' id='word_1_246' title='bbox 203 2917 326 2974; x_wconf 83' lang='lat' dir='ltr'><strong>membris</strong></span> <span class='ocrx_word' id='word_1_247' title='bbox 339 2915 493 2968; x_wconf 74' lang='lat' dir='ltr'><strong>inhaereant.</strong></span> <span class='ocrx_word' id='word_1_248' title='bbox 506 2916 574 2966; x_wconf 79' lang='lat' dir='ltr'><strong>Sero.</strong></span> <span class='ocrx_word' id='word_1_249' title='bbox 750 2918 796 2985; x_wconf 91' lang='lat' dir='ltr'><strong>qui</strong></span> <span class='ocrx_word' id='word_1_250' title='bbox 810 2915 902 2972; x_wconf 88' lang='lat' dir='ltr'><strong>hastas</strong></span> <span class='ocrx_word' id='word_1_251' title='bbox 916 2913 1033 2966; x_wconf 87' lang='lat' dir='ltr'><strong>inclusas</strong></span> <span class='ocrx_word' id='word_1_252' title='bbox 1047 2909 1146 2975; x_wconf 86' lang='lat' dir='ltr'><strong>thecis,</strong></span> <span class='ocrx_word' id='word_1_253' title='bbox 1165 2923 1192 2962; x_wconf 87' lang='lat' dir='ltr'><strong>et</strong></span> <span class='ocrx_word' id='word_1_254' title='bbox 1206 2930 1254 2962; x_wconf 87' lang='lat' dir='ltr'><strong>co·</strong></span> 
     </span>
    </p>

    <p class='ocr_par' dir='ltr' id='par_1_8' title="bbox 202 2989 1251 3305">
     <span class='ocr_line' id='line_1_30' title="bbox 237 2989 1251 3066; baseline -0.005 -17"><span class='ocrx_word' id='word_1_255' title='bbox 237 2989 702 3066; x_wconf 82' lang='lat' dir='ltr'><strong>89.Comaacristoe.idest,cofnas,</strong></span> <span class='ocrx_word' id='word_1_256' title='bbox 747 2994 844 3046; x_wconf 87' lang='lat' dir='ltr'><strong>lumnis</strong></span> <span class='ocrx_word' id='word_1_257' title='bbox 866 2996 970 3046; x_wconf 84' lang='lat' dir='ltr'><strong>innixas</strong></span> <span class='ocrx_word' id='word_1_258' title='bbox 996 2989 1178 3045; x_wconf 81' lang='lat' dir='ltr'><strong>asservabant.</strong></span> <span class='ocrx_word' id='word_1_259' title='bbox 1211 2993 1251 3044; x_wconf 90' lang='lat' dir='ltr'><strong>De</strong></span> 
     </span>
     <span class='ocr_line' id='line_1_31' title="bbox 203 3069 1250 3147; baseline -0.006 -18"><span class='ocrx_word' id='word_1_260' title='bbox 203 3095 269 3147; x_wconf 90' lang='lat' dir='ltr'><strong>quas</strong></span> <span class='ocrx_word' id='word_1_261' title='bbox 276 3077 361 3129; x_wconf 73' lang='lat' dir='ltr'><strong>Graeci</strong></span> <span class='ocrx_word' id='word_1_262' title='bbox 369 3072 456 3144; x_wconf 67' lang='lat' dir='ltr'><strong>uipera</strong></span> <span class='ocrx_word' id='word_1_263' title='bbox 463 3076 602 3126; x_wconf 86' lang='lat' dir='ltr'><strong>nominant</strong></span> <span class='ocrx_word' id='word_1_264' title='bbox 612 3097 617 3123; x_wconf 88' lang='lat'><strong>:</strong></span> <span class='ocrx_word' id='word_1_265' title='bbox 630 3074 702 3127; x_wconf 87' lang='lat' dir='ltr'><strong>unde</strong></span> <span class='ocrx_word' id='word_1_266' title='bbox 746 3073 831 3126; x_wconf 88' lang='lat' dir='ltr'><strong>thecis</strong></span> <span class='ocrx_word' id='word_1_267' title='bbox 841 3076 925 3126; x_wconf 87' lang='lat' dir='ltr'><strong>tacuit</strong></span> <span class='ocrx_word' id='word_1_268' title='bbox 936 3071 1077 3144; x_wconf 57' lang='lat' dir='ltr'><strong>Virgilium</strong></span> <span class='ocrx_word' id='word_1_269' title='bbox 1088 3069 1178 3138; x_wconf 89' lang='lat' dir='ltr'><strong>dedit,</strong></span> <span class='ocrx_word' id='word_1_270' title='bbox 1191 3089 1250 3142; x_wconf 83' lang='lat' dir='ltr'><strong>quas</strong></span> 
     </span>
     <span class='ocr_line' id='line_1_32' title="bbox 202 3150 1248 3225; baseline -0.006 -17"><span class='ocrx_word' id='word_1_271' title='bbox 202 3170 229 3208; x_wconf 92' lang='lat' dir='ltr'><strong>et</strong></span> <span class='ocrx_word' id='word_1_272' title='bbox 247 3154 324 3224; x_wconf 70' lang='lat' dir='ltr'><strong>stipor</strong></span> <span class='ocrx_word' id='word_1_273' title='bbox 345 3155 438 3207; x_wconf 91' lang='lat' dir='ltr'><strong>dicunt</strong></span> <span class='ocrx_word' id='word_1_274' title='bbox 460 3153 572 3204; x_wconf 84' lang='lat' dir='ltr'><strong>tundere.</strong></span> <span class='ocrx_word' id='word_1_275' title='bbox 600 3154 702 3204; x_wconf 82' lang='lat' dir='ltr'><strong>Cornua</strong></span> <span class='ocrx_word' id='word_1_276' title='bbox 746 3155 882 3225; x_wconf 89' lang='lat' dir='ltr'><strong>pertinent</strong></span> <span class='ocrx_word' id='word_1_277' title='bbox 900 3152 935 3206; x_wconf 91' lang='lat' dir='ltr'><strong>ad</strong></span> <span class='ocrx_word' id='word_1_278' title='bbox 952 3153 1099 3205; x_wconf 88' lang='lat' dir='ltr'><strong>columnas.</strong></span> <span class='ocrx_word' id='word_1_279' title='bbox 1118 3151 1197 3202; x_wconf 87' lang='lat' dir='ltr'><strong>Hom.</strong></span> <span class='ocrx_word' id='word_1_280' title='bbox 1217 3150 1248 3202; x_wconf 87' lang='lat' dir='ltr'><strong>ll.</strong></span> 
     </span>
     <span class='ocr_line' id='line_1_33' title="bbox 203 3231 1250 3305; baseline -0.008 -18"><span class='ocrx_word' id='word_1_281' title='bbox 203 3249 291 3288; x_wconf 88' lang='lat' dir='ltr'><strong>autem</strong></span> <span class='ocrx_word' id='word_1_282' title='bbox 300 3237 411 3305; x_wconf 91' lang='lat' dir='ltr'><strong>proprie</strong></span> <span class='ocrx_word' id='word_1_283' title='bbox 423 3247 484 3286; x_wconf 88' lang='lat' dir='ltr'><strong>sunt</strong></span> <span class='ocrx_word' id='word_1_284' title='bbox 496 3235 620 3285; x_wconf 71' lang='lat' dir='ltr'><strong>cincinni.</strong></span> <span class='ocrx_word' id='word_1_285' title='bbox 630 3234 700 3284; x_wconf 82' lang='lat' dir='ltr'><strong>Serv.</strong></span> <span class='ocrx_word' id='word_1_286' title='bbox 746 3236 807 3287; x_wconf 85' lang='lat' dir='ltr'><strong>Xlll</strong></span> <span class='ocrx_word' id='word_1_287' title='bbox 816 3248 842 3286; x_wconf 92' lang='lat' dir='ltr'><strong>et</strong></span> <span class='ocrx_word' id='word_1_288' title='bbox 849 3235 933 3295; x_wconf 83' lang='lat' dir='ltr'><strong>xvl1;</strong></span> <span class='ocrx_word' id='word_1_289' title='bbox 942 3232 994 3284; x_wconf 89' lang='lat' dir='ltr'><strong>Od.</strong></span> <span class='ocrx_word' id='word_1_290' title='bbox 1004 3235 1024 3284; x_wconf 91' lang='lat'><strong>1.</strong></span> <span class='ocrx_word' id='word_1_291' title='bbox 1033 3233 1125 3302; x_wconf 84' lang='lat' dir='ltr'><strong>Eurip.</strong></span> <span class='ocrx_word' id='word_1_292' title='bbox 1133 3232 1161 3280; x_wconf 91' lang='lat' dir='ltr'><strong>in</strong></span> <span class='ocrx_word' id='word_1_293' title='bbox 1169 3231 1250 3281; x_wconf 89' lang='lat' dir='ltr'><strong>Taur.</strong></span> 
     </span>
    </p>

    <p class='ocr_par' dir='ltr' id='par_1_9' title="bbox 201 3310 1250 3783">
     <span class='ocr_line' id='line_1_34' title="bbox 236 3310 1250 3385; baseline -0.003 -21"><span class='ocrx_word' id='word_1_294' title='bbox 236 3331 280 3383; x_wconf 88' lang='lat'><strong>9¹·</strong></span> <span class='ocrx_word' id='word_1_295' title='bbox 295 3315 385 3385; x_wconf 70' lang='lat' dir='ltr'><strong>Stypia</strong></span> <span class='ocrx_word' id='word_1_296' title='bbox 395 3315 474 3366; x_wconf 86' lang='lat' dir='ltr'><strong>unda.</strong></span> <span class='ocrx_word' id='word_1_297' title='bbox 495 3314 579 3380; x_wconf 85' lang='lat' dir='ltr'><strong>Quasi</strong></span> <span class='ocrx_word' id='word_1_298' title='bbox 591 3315 701 3362; x_wconf 87' lang='lat' dir='ltr'><strong>immor·</strong></span> <span class='ocrx_word' id='word_1_299' title='bbox 786 3331 843 3368; x_wconf 90' lang='lat' dir='ltr'><strong>roo.</strong></span> <span class='ocrx_word' id='word_1_300' title='bbox 861 3317 888 3369; x_wconf 83' lang='lat' dir='ltr'><em>V</em></span> <span class='ocrx_word' id='word_1_301' title='bbox 886 3315 978 3367; x_wconf 85' lang='lat' dir='ltr'><strong>ibratos</strong></span> <span class='ocrx_word' id='word_1_302' title='bbox 989 3313 1073 3364; x_wconf 87' lang='lat' dir='ltr'><strong>calido</strong></span> <span class='ocrx_word' id='word_1_303' title='bbox 1080 3313 1164 3383; x_wconf 80' lang='lat' dir='ltr'><strong>ferro.</strong></span> <span class='ocrx_word' id='word_1_304' title='bbox 1178 3310 1250 3362; x_wconf 84' lang='lat' dir='ltr'><strong>Gris-</strong></span> 
     </span>
     <span class='ocr_line' id='line_1_35' title="bbox 202 3390 1248 3468; baseline -0.007 -22"><span class='ocrx_word' id='word_1_305' title='bbox 202 3395 280 3446; x_wconf 86' lang='lat' dir='ltr'><strong>talam</strong></span> <span class='ocrx_word' id='word_1_306' title='bbox 314 3394 422 3444; x_wconf 88' lang='lat' dir='ltr'><strong>fecerat.</strong></span> <span class='ocrx_word' id='word_1_307' title='bbox 451 3393 701 3446; x_wconf 76' lang='lat' dir='ltr'><strong>-Consecrationern</strong></span> <span class='ocrx_word' id='word_1_308' title='bbox 746 3390 1248 3468; x_wconf 79' lang='lat' dir='ltr'><strong>patoscaIamistro:uamcalamistrum</strong></span> 
     </span>
     <span class='ocr_line' id='line_1_36' title="bbox 203 3469 1250 3544; baseline -0.004 -20"><span class='ocrx_word' id='word_1_309' title='bbox 203 3471 338 3544; x_wconf 86' lang='lat' dir='ltr'><strong>quandam</strong></span> <span class='ocrx_word' id='word_1_310' title='bbox 351 3473 421 3522; x_wconf 87' lang='lat' dir='ltr'><strong>ensis</strong></span> <span class='ocrx_word' id='word_1_311' title='bbox 437 3474 561 3525; x_wconf 87' lang='lat' dir='ltr'><strong>ostendit.</strong></span> <span class='ocrx_word' id='word_1_312' title='bbox 583 3475 653 3525; x_wconf 83' lang='lat' dir='ltr'><strong>Don.</strong></span> <span class='ocrx_word' id='word_1_313' title='bbox 666 3503 700 3516; x_wconf 91' lang='lat'><strong>·-</strong></span> <span class='ocrx_word' id='word_1_314' title='bbox 747 3488 787 3527; x_wconf 87' lang='lat' dir='ltr'><strong>est</strong></span> <span class='ocrx_word' id='word_1_315' title='bbox 806 3491 868 3526; x_wconf 87' lang='lat' dir='ltr'><strong>aeus</strong></span> <span class='ocrx_word' id='word_1_316' title='bbox 881 3473 980 3541; x_wconf 86' lang='lat' dir='ltr'><strong>major,</strong></span> <span class='ocrx_word' id='word_1_317' title='bbox 1000 3487 1058 3541; x_wconf 78' lang='lat' dir='ltr'><strong>que</strong></span> <span class='ocrx_word' id='word_1_318' title='bbox 1075 3469 1207 3521; x_wconf 87' lang='lat' dir='ltr'><strong>calefacta</strong></span> <span class='ocrx_word' id='word_1_319' title='bbox 1223 3483 1250 3522; x_wconf 88' lang='lat' dir='ltr'><strong>et</strong></span> 
     </span>
     <span class='ocr_line' id='line_1_37' title="bbox 202 3547 1248 3623; baseline -0.008 -16"><span class='ocrx_word' id='word_1_320' title='bbox 202 3557 247 3607; x_wconf 85' lang='lat' dir='ltr'><strong>Est</strong></span> <span class='ocrx_word' id='word_1_321' title='bbox 258 3552 325 3619; x_wconf 90' lang='lat' dir='ltr'><strong>hoc,</strong></span> <span class='ocrx_word' id='word_1_322' title='bbox 338 3552 411 3623; x_wconf 87' lang='lat' dir='ltr'><strong>quod</strong></span> <span class='ocrx_word' id='word_1_323' title='bbox 424 3555 451 3603; x_wconf 90' lang='lat' dir='ltr'><strong>in</strong></span> <span class='ocrx_word' id='word_1_324' title='bbox 461 3554 534 3620; x_wconf 81' lang='lat' dir='ltr'><strong>vlu,</strong></span> <span class='ocrx_word' id='word_1_325' title='bbox 548 3554 581 3606; x_wconf 88' lang='lat' dir='ltr'><strong>de</strong></span> <span class='ocrx_word' id='word_1_326' title='bbox 593 3553 702 3608; x_wconf 85' lang='lat' dir='ltr'><strong>officina</strong></span> <span class='ocrx_word' id='word_1_327' title='bbox 747 3553 866 3605; x_wconf 84' lang='lat' dir='ltr'><strong>adhibita</strong></span> <span class='ocrx_word' id='word_1_328' title='bbox 880 3549 1017 3620; x_wconf 89' lang='lat' dir='ltr'><strong>intorquet</strong></span> <span class='ocrx_word' id='word_1_329' title='bbox 1030 3547 1151 3618; x_wconf 89' lang='lat' dir='ltr'><strong>capillos.</strong></span> <span class='ocrx_word' id='word_1_330' title='bbox 1170 3547 1248 3600; x_wconf 85' lang='lat' dir='ltr'><strong>Unde</strong></span> 
     </span>
     <span class='ocr_line' id='line_1_38' title="bbox 201 3628 1249 3706; baseline -0.006 -22"><span class='ocrx_word' id='word_1_331' title='bbox 201 3633 330 3696; x_wconf 85' lang='lat' dir='ltr'><strong>Vulcani,</strong></span> <span class='ocrx_word' id='word_1_332' title='bbox 355 3629 516 3682; x_wconf 71' lang='lat' dir='ltr'><strong>«stridentia</strong></span> <span class='ocrx_word' id='word_1_333' title='bbox 533 3635 638 3706; x_wconf 75' lang='lat' dir='ltr'><strong>tingunt</strong></span> <span class='ocrx_word' id='word_1_334' title='bbox 650 3655 701 3688; x_wconf 83' lang='lat' dir='ltr'><strong>aera</strong></span> <span class='ocrx_word' id='word_1_335' title='bbox 747 3636 827 3686; x_wconf 89' lang='lat' dir='ltr'><strong>etiam</strong></span> <span class='ocrx_word' id='word_1_336' title='bbox 845 3631 939 3682; x_wconf 88' lang='lat' dir='ltr'><strong>Cicero</strong></span> <span class='ocrx_word' id='word_1_337' title='bbox 959 3628 1249 3680; x_wconf 67' lang='lat' dir='ltr'><strong>«calamistratamcm</strong></span> 
     </span>
     <span class='ocr_line' id='line_1_39' title="bbox 201 3709 1247 3783; baseline 0.002 -26"><span class='ocrx_word' id='word_1_338' title='bbox 201 3714 272 3764; x_wconf 72' lang='lat' dir='ltr'><strong>tacu.</strong></span> <span class='ocrx_word' id='word_1_339' title='bbox 285 3733 296 3757; x_wconf 71' lang='lat' dir='ltr'><strong>n</strong></span> <span class='ocrx_word' id='word_1_340' title='bbox 310 3709 378 3761; x_wconf 90' lang='lat' dir='ltr'><strong>Vide</strong></span> <span class='ocrx_word' id='word_1_341' title='bbox 391 3722 468 3761; x_wconf 86' lang='lat' dir='ltr'><strong>notas</strong></span> <span class='ocrx_word' id='word_1_342' title='bbox 478 3711 530 3762; x_wconf 88' lang='lat' dir='ltr'><strong>vol.</strong></span> <span class='ocrx_word' id='word_1_343' title='bbox 544 3714 588 3778; x_wconf 84' lang='lat' dir='ltr'><strong>tv,</strong></span> <span class='ocrx_word' id='word_1_344' title='bbox 600 3731 627 3783; x_wconf 85' lang='lat' dir='ltr'><strong>p.</strong></span> <span class='ocrx_word' id='word_1_345' title='bbox 639 3715 698 3767; x_wconf 81' lang='lat'><strong>306.</strong></span> <span class='ocrx_word' id='word_1_346' title='bbox 746 3731 817 3764; x_wconf 85' lang='lat' dir='ltr'><strong>marn</strong></span> <span class='ocrx_word' id='word_1_347' title='bbox 831 3736 842 3758; x_wconf 78' lang='lat' dir='ltr'><em>n</em></span> <span class='ocrx_word' id='word_1_348' title='bbox 863 3709 981 3780; x_wconf 85' lang='lat' dir='ltr'><strong>appellat</strong></span> <span class='ocrx_word' id='word_1_349' title='bbox 998 3711 1167 3780; x_wconf 86' lang='lat' dir='ltr'><strong>frequenter,</strong></span> <span class='ocrx_word' id='word_1_350' title='bbox 1189 3725 1247 3780; x_wconf 74' lang='lat' dir='ltr'><strong>que</strong></span> 
     </span>
    </p>

    <p class='ocr_par' dir='ltr' id='par_1_10' title="bbox 200 3787 1247 4102">
     <span class='ocr_line' id='line_1_40' title="bbox 234 3787 1247 3861; baseline -0.001 -19"><span class='ocrx_word' id='word_1_351' title='bbox 234 3808 278 3861; x_wconf 76' lang='lat'><strong>9²·</strong></span> <span class='ocrx_word' id='word_1_352' title='bbox 296 3789 375 3840; x_wconf 81' lang='lat' dir='ltr'><strong>Exin.</strong></span> <span class='ocrx_word' id='word_1_353' title='bbox 395 3789 512 3842; x_wconf 89' lang='lat' dir='ltr'><strong>Deinde:</strong></span> <span class='ocrx_word' id='word_1_354' title='bbox 526 3809 587 3842; x_wconf 87' lang='lat' dir='ltr'><strong>nam</strong></span> <span class='ocrx_word' id='word_1_355' title='bbox 598 3793 700 3846; x_wconf 88' lang='lat' dir='ltr'><strong>ordinis</strong></span> <span class='ocrx_word' id='word_1_356' title='bbox 746 3795 824 3844; x_wconf 87' lang='lat' dir='ltr'><strong>etiam</strong></span> <span class='ocrx_word' id='word_1_357' title='bbox 844 3791 1033 3860; x_wconf 85' lang='lat' dir='ltr'><strong>vituperationi</strong></span> <span class='ocrx_word' id='word_1_358' title='bbox 1054 3803 1102 3841; x_wconf 87' lang='lat' dir='ltr'><strong>est.</strong></span> <span class='ocrx_word' id='word_1_359' title='bbox 1124 3787 1202 3840; x_wconf 87' lang='lat' dir='ltr'><strong>Unde</strong></span> <span class='ocrx_word' id='word_1_360' title='bbox 1221 3801 1247 3841; x_wconf 87' lang='lat' dir='ltr'><strong>et</strong></span> 
     </span>
     <span class='ocr_line' id='line_1_41' title="bbox 201 3857 1246 3945; baseline -0.006 -19"><span class='ocrx_word' id='word_1_361' title='bbox 201 3886 240 3927; x_wconf 83' lang='lat' dir='ltr'><strong>est</strong></span> <span class='ocrx_word' id='word_1_362' title='bbox 249 3869 413 3924; x_wconf 85' lang='lat' dir='ltr'><strong>adverbium.</strong></span> <span class='ocrx_word' id='word_1_363' title='bbox 422 3871 491 3922; x_wconf 84' lang='lat' dir='ltr'><strong>Serv.</strong></span> <span class='ocrx_word' id='word_1_364' title='bbox 500 3899 535 3910; x_wconf 89' lang='lat'><strong>—-</strong></span> <span class='ocrx_word' id='word_1_365' title='bbox 543 3874 701 3945; x_wconf 68' lang='lat' dir='ltr'><strong>Inycnti&#39;atl-</strong></span> <span class='ocrx_word' id='word_1_366' title='bbox 746 3883 840 3924; x_wconf 87' lang='lat' dir='ltr'><strong>contra</strong></span> <span class='ocrx_word' id='word_1_367' title='bbox 856 3865 889 3919; x_wconf 83' lang='lat' dir='ltr'><strong>ad</strong></span> <span class='ocrx_word' id='word_1_368' title='bbox 906 3869 1015 3921; x_wconf 85' lang='lat' dir='ltr'><strong>laudent</strong></span> <span class='ocrx_word' id='word_1_369' title='bbox 1027 3857 1068 3922; x_wconf 72' lang='lat' dir='ltr'><strong>est</strong></span> <span class='ocrx_word' id='word_1_370' title='bbox 1082 3869 1200 3940; x_wconf 88' lang='lat' dir='ltr'><strong>positum</strong></span> <span class='ocrx_word' id='word_1_371' title='bbox 1212 3868 1246 3920; x_wconf 87' lang='lat' dir='ltr'><strong>ab</strong></span> 
     </span>
     <span class='ocr_line' id='line_1_42' title="bbox 200 3949 1246 4022; baseline -0.004 -16"><span class='ocrx_word' id='word_1_372' title='bbox 200 3954 263 4006; x_wconf 81' lang='lat' dir='ltr'><strong>nixa</strong></span> <span class='ocrx_word' id='word_1_373' title='bbox 277 3951 413 4002; x_wconf 83' lang='lat' dir='ltr'><strong>colunmae.</strong></span> <span class='ocrx_word' id='word_1_374' title='bbox 434 3951 521 4002; x_wconf 85' lang='lat' dir='ltr'><strong>Hastae</strong></span> <span class='ocrx_word' id='word_1_375' title='bbox 534 3971 584 4022; x_wconf 92' lang='lat' dir='ltr'><strong>per</strong></span> <span class='ocrx_word' id='word_1_376' title='bbox 596 3953 700 4004; x_wconf 81' lang='lat' dir='ltr'><strong>oolam-</strong></span> <span class='ocrx_word' id='word_1_377' title='bbox 745 3952 871 4015; x_wconf 82' lang='lat' dir='ltr'><strong>Horatio,</strong></span> <span class='ocrx_word' id='word_1_378' title='bbox 887 3949 985 4003; x_wconf 76' lang='lat' dir='ltr'><strong>«Hunc</strong></span> <span class='ocrx_word' id='word_1_379' title='bbox 997 3963 1024 4003; x_wconf 90' lang='lat' dir='ltr'><strong>et</strong></span> <span class='ocrx_word' id='word_1_380' title='bbox 1035 3949 1177 4021; x_wconf 82' lang='lat' dir='ltr'><strong>incomptis</strong></span> <span class='ocrx_word' id='word_1_381' title='bbox 1191 3951 1246 4002; x_wconf 85' lang='lat' dir='ltr'><strong>Cu·</strong></span> 
     </span>
     <span class='ocr_line' id='line_1_43' title="bbox 200 4029 1045 4102; baseline -0.002 -18"><span class='ocrx_word' id='word_1_382' title='bbox 200 4049 262 4086; x_wconf 85' lang='lat' dir='ltr'><strong>nam</strong></span> <span class='ocrx_word' id='word_1_383' title='bbox 276 4032 431 4101; x_wconf 79' lang='lat' dir='ltr'><strong>exprimitur</strong></span> <span class='ocrx_word' id='word_1_384' title='bbox 442 4030 616 4101; x_wconf 77' lang='lat' dir='ltr'><strong>magnitudo:</strong></span> <span class='ocrx_word' id='word_1_385' title='bbox 632 4034 701 4084; x_wconf 83' lang='lat' dir='ltr'><strong>sicut</strong></span> <span class='ocrx_word' id='word_1_386' title='bbox 746 4035 814 4085; x_wconf 83' lang='lat' dir='ltr'><strong>tium</strong></span> <span class='ocrx_word' id='word_1_387' title='bbox 826 4029 938 4102; x_wconf 78' lang='lat' dir='ltr'><strong>capillis.</strong></span> <span class='ocrx_word' id='word_1_388' title='bbox 950 4055 961 4081; x_wconf 82' lang='lat' dir='ltr'><strong>n</strong></span> <span class='ocrx_word' id='word_1_389' title='bbox 975 4033 1045 4084; x_wconf 81' lang='lat' dir='ltr'><strong>Serv.</strong></span> 
     </span>
    </p>
   </div>
   <div class='ocr_carea' id='block_1_6' title="bbox 0 0 1364 4588">
    <p class='ocr_par' dir='ltr' id='par_1_11' title="bbox 0 0 1364 4588">
     <span class='ocr_line' id='line_1_44' title="bbox 0 0 1364 4588; baseline 0 3"><span class='ocrx_word' id='word_1_390' title='bbox 0 0 1364 4588; x_wconf 95' lang='lat' dir='ltr'><strong> </strong></span> 
     </span>
    </p>
   </div>
  </div>
 </body>
</html>
