2720 4588
271 319 325 382 IN
349 317 584 383 AENEIDOS
607 319 700 382 LlB.
724 320 810 384 Xll.
996 349 1055 394 211

26 439 152 502 latorum
164 439 310 516 decretis,
322 461 391 522 quaa
402 443 476 522 ipsis
487 438 587 499 adhuc
597 441 665 500 Diis
676 443 863 522 potentiora.
874 447 952 528 Qua,
964 449 1063 526 idest,

27 546 186 611 quatenus,
197 553 283 614 passa
297 544 337 591 est
342 531 466 613 fortuna
471 575 480 604 ,
494 543 646 611 quatenus
660 533 761 591 Parca
771 533 904 596 sinebant
913 537 1010 600 cedere
1023 563 1068 603 res·

28 621 111 693 lotio,
127 620 159 678 id
175 634 235 692 est,
240 619 371 702 feliciter
379 631 485 678 cuncta
494 618 657 700 procedere,
672 617 813 680 scholion
829 637 873 681 est
886 624 980 684 Servii
994 651 1000 685 :
1016 631 1065 688 vel

29 705 126 780 cedere,
147 708 255 784 idest,
274 705 421 768 succedere
434 728 476 766 res
488 708 616 778 Latinis,
629 705 774 767 scholion
789 723 835 768 est
847 711 1065 791 Nebrissensis3

30 809 92 855 tunc
104 800 163 858 texi
179 801 328 871 Turnum,
341 811 370 857 et
381 811 430 856 tua
440 799 557 856 moenio.
572 798 662 856 Nunc
671 795 736 876 jam
748 798 823 877 quid
835 805 982 880 possum?
994 827 1068 867 con·

31 887 113 944 currit
127 887 215 946 enim
228 885 352 967 juvenis
363 886 502 960 Turnus,
521 906 586 944 non
599 899 661 944 tam
676 907 745 945 cum
759 886 868 962 AEnea,
888 910 982 969 quam
997 915 1069 954 cum

26 972 99 1050 sotis,
122 971 238 1054 hisque
251 971 426 1056 imparibus:
447 974 562 1032 etenim
578 975 757 1054 propinquat
770 972 829 1033 dies
842 973 946 1036 fatalis
960 983 1070 1040 Parca·

31 1082 97 1134 rum,
109 1075 139 1122 et
148 1065 195 1122 vis
203 1065 342 1136 inimiea5
354 1084 389 1122 ac
402 1061 552 1144 proinde,
563 1065 634 1123 Non
642 1083 773 1146 pupnam
783 1066 906 1144 aspicere
917 1065 994 1128 lianc
1004 1089 1071 1129 ocu·

32 1149 69 1224 lis,
81 1154 262 1236 nonfoedera
274 1176 400 1236 possum.
413 1155 625 1233 Quamobrem
641 1167 685 1228 tn,
701 1159 851 1234 ἐμφατικὸῃ
865 1158 889 1214 si
900 1157 971 1238 quid
983 1159 1071 1218 audes

30 1246 202 1320 praesentius,
227 1244 340 1320 idest,
363 1243 534 1319 efficacius,
558 1257 593 1304 ut
606 1265 658 1326 pro
674 1265 831 1325 pennan05
851 1267 950 1328 perpe,
972 1247 1069 1308 decet:

32 1335 108 1413 quasi
125 1333 234 1408 dicat,
255 1348 380 1396 nonest
398 1333 542 1396 illicitum
561 1353 742 1414 germanam
759 1353 817 1416 pro
835 1335 929 1395 fratre
948 1336 1069 1419 aliquid

34 1421 146 1498 audere,
161 1424 258 1483 etiam
269 1438 377 1484 contra
388 1425 498 1482 Jovem
509 1435 540 1481 et
549 1421 613 1482 fata
624 1444 631 1481 :
646 1420 764 1503 adjicit,
770 1423 878 1505 forsan
888 1426 1004 1484 miseros
1014 1447 1072 1484 rne-

36 1507 96 1571 liora
110 1528 279 1596 sequentur,
293 1515 318 1573 si
331 1514 446 1573 mutari
458 1513 589 1578 omnino
604 1525 762 1594 nequeant
774 1511 847 1572 fata.

70 1604 129 1680 154.
149 1607 215 1664 Pro
228 1625 378 1685 responso
392 1604 521 1664 fuerunt
533 1603 693 1685 lacrymae,
708 1616 738 1661 et
752 1605 910 1683 percussio
926 1605 1071 1684 pectoris,

37 1703 60 1750 et
69 1689 130 1752 haec
143 1713 227 1774 saepe
241 1694 368 1754 iterata:
388 1691 443 1752 has
459 1693 612 1774 lacrymas
627 1690 781 1750 disturbat
793 1693 893 1766 ι1111111;
914 1691 976 1752 illae
989 1694 1073 1752 enim

36 1780 162 1856 inutiles,
185 1801 284 1864 quum
296 1801 344 1841 res
356 1802 467 1840 manus
479 1780 636 1862 postulat,
657 1800 730 1840 nam
743 1793 867 1840 mortuo
879 1783 985 1861 potius
1000 1781 1075 1840 dan·

39 1868 88 1943 da,
105 1892 204 1952 quarn
215 1870 420 1952 periclitanti:
442 1872 547 1952 itaque
562 1868 719 1944 hortatur,
741 1871 821 1929 sinat
835 1868 889 1928 has
903 1869 1074 1950 lacrymas3

38 1958 189 2031 acceleret;
205 1957 331 2018 fratrem
343 1960 438 2018 morti
451 1959 577 2036 eripiat,
589 1960 616 2015 si
628 1960 692 2038 quis
704 1957 821 2018 modus:
834 1956 883 2016 hic
894 1971 995 2017 autem
1010 1980 1076 2018 mo-

39 2041 83 2102 dus
92 2045 209 2128 duplex
219 2059 279 2119 est,
295 2045 453 2118 videlicet,
467 2046 528 2104 Aut
540 2057 571 2104 tu
583 2041 657 2104 bello
670 2047 726 2115 cie,
740 2059 967 2125 conceptamque
976 2060 1078 2110 excute.

33 2133 131 2212 soedm:
147 2137 238 2218 quasi
254 2134 356 2206 dicat3
375 2136 423 2192 vel
438 2147 472 2191 tu
487 2153 592 2212 pugna
608 2153 665 2212 pro
680 2131 777 2191 fratre
790 2134 988 2214 singulariter
999 2157 1074 2194 cum

37 2223 129 2298 haee,
143 2222 194 2284 vel
209 2224 257 2282 fac
272 2233 307 2280 ut
323 2219 422 2280 foedus
437 2221 622 2293 excutiatur,
639 2219 731 2277 mista
748 2233 879 2300 utraque
892 2223 976 2278 acie:
998 2224 1072 2299 quia

40 2334 99 2374 vero
111 2315 171 2375 hoc
183 2335 276 2394 magn
283 2334 349 2386 um,
362 2324 397 2370 ut
407 2299 492 2390 quod
503 2321 609 2368 contra
620 2309 730 2366 lovem
742 2321 773 2366 et
783 2306 860 2382 fata,
875 2307 978 2368 firmet
989 2309 1076 2368 illam

15 2439 16 2472 3
42 2402 108 2476 istis,
125 2405 240 2464 Auctor
249 2421 303 2482 epo
317 2396 462 2460 audendi:
479 2397 630 2464 aestatim
643 2393 734 2467 abiit,
753 2393 933 2474 relinquens
947 2395 1032 2453 illam
1047 2410 1077 2454 et

15 2475 16 2534 l
43 2491 167 2552 incertam
180 2489 318 2566 consilii,
337 2501 366 2545 et
384 2483 527 2546 turbatam
545 2483 647 2540 mentis
660 2477 791 2552 vulnere,
814 2479 852 2538 de
863 2479 967 2566 fratris
984 2483 1078 2540 exitio

43 2581 224 2640 imminente.

16 2613 19 2730 l
77 2671 136 2730 161.
149 2669 250 2728 Mirus
261 2675 426 2746 apparatus
435 2661 553 2740 Regum
564 2657 819 2717 convenientium
829 2655 868 2716 ad
878 2655 995 2732 foedus3
1006 2679 1080 2718 nam

45 2760 141 2839 ingenti
155 2755 247 2832 mole,
262 2755 294 2814 id
308 2764 365 2824 est,
378 2771 497 2832 pompa
512 2762 542 2808 et
557 2747 696 2806 ambitu:
711 2767 779 2826 quae
794 2745 860 2807 haec
875 2746 991 2806 moles?
1004 2752 1080 2808 Lati-

18 2875 19 2878 ¹
46 2869 89 2906 nus
100 2848 213 2909 uehitur
222 2866 310 2906 curru
323 2838 513 2925 quadrijugo,
524 2840 648 2898 Turnus
660 2849 783 2894 tantum
794 2835 878 2916 lupis,
892 2851 926 2894 ut
936 2839 989 2916 qui
1004 2837 1080 2894 inle-

18 2917 19 2955 t
46 2939 114 2996 rior:
128 2957 218 2998 senex
232 2954 303 2994 cum
318 2951 434 2991 corona
449 2929 558 3008 Regia,
571 2927 621 2985 cui
635 2923 736 2983 bissex
746 2921 833 2995 radii,
848 2921 952 2995 idest,
965 2921 1081 2980 duode-

47 3025 98 3084 cim
111 3026 231 3085 Solares
243 3021 322 3082 radii
334 3041 341 3077 ε
355 3031 385 3078 et
396 3016 456 3076 hoc
468 3019 500 3076 in
516 3015 745 3073 monimentum
755 3010 895 3090 generis:
910 3029 982 3066 nam
997 3009 1080 3068 illius

48 3137 109 3175 avus
122 3117 187 3188 Sol3
202 3114 319 3194 quippe
330 3107 432 3181 Circe,
447 3127 517 3188 quae
531 3118 629 3162 mater
643 3102 760 3188 Latini,
776 3097 839 3158 filia
853 3113 896 3158 est
907 3099 995 3159 Solis.
1006 3101 1082 3158 Tur·

48 3223 96 3264 nus
107 3219 228 3274 tamen,
244 3213 280 3259 ut
295 3199 350 3280 qui
360 3188 499 3277 juvenis,
512 3205 542 3252 et
553 3191 696 3251 militaris
710 3188 810 3263 adest3
825 3190 905 3248 Bina
919 3207 1011 3246 rnanu
1023 3185 1080 3248 lato

48 3295 162 3371 crispans
176 3286 294 3350 hastilia
299 3287 393 3370 ferro·

79 3409 130 3478 157.
141 3411 270 3469 emma,
281 3404 366 3476 siquis
374 3401 479 3465 modus,
490 3399 536 3450 en‘·
581 3413 666 3448 sermo
681 3396 709 3446 in
719 3392 842 3446 omnibus
858 3403 995 3461 congruat.
1011 3391 1079 3444 Sero,

48 3489 160 3554 pemani.
171 3487 234 3537 Non
244 3483 324 3534 elicit:
336 3491 382 3534 aut
391 3482 479 3550 eripe,
490 3491 535 3532 aut
580 3503 615 3514 -
623 3473 768 3544 Comparat
778 3483 866 3523 autem
875 3469 925 3522 hos
935 3490 1026 3523 versus
1035 3475 1082 3525 icti

48 3563 107 3616 hehe
118 3568 170 3628 oie;
184 3563 247 3627 sed,
265 3563 338 3632 eripe
352 3561 476 3622 fratrem,
490 3569 537 3608 aut
580 3553 689 3605 foederis
705 3571 765 3604 cum
777 3552 924 3601 Homericis
939 3551 1034 3622 Scalig.
1049 3553 1080 3619 V,

50 3641 109 3695 hello
121 3647 269 3709 concitato,
280 3653 326 3693 aut
335 3651 415 3710 rupto
424 3637 535 3690 foedere.
581 3638 611 3701 3,
622 3637 712 3705 aitque
724 3633 879 3697 Homericos
892 3636 919 3684 in
929 3645 1014 3701 terra,
1022 3636 1084 3686 rte.

82 3727 134 3777 161.
146 3728 249 3777 Interea
260 3739 336 3794 repes.
349 3721 470 3790 Longum
481 3719 536 3788 lly-
582 3716 695 3788 gilianos
708 3716 777 3766 inter
787 3715 877 3764 Musas
891 3732 906 3766 a
919 3713 1017 3765 Phoebo
1028 3715 1084 3766 fae·

52 3804 184 3871 perbaton:
202 3823 265 3856 nam
283 3800 351 3852 ortlo
366 3811 418 3863 est,
436 3799 539 3848 Interea
584 3809 625 3848 tos
637 3794 722 3846 videri
733 3809 820 3863 posse.
834 3791 900 3842 Vide
913 3811 968 3845 var.
981 3793 1042 3844 lect.
1056 3806 1083 3846 et

54 3879 539 3957 regespmceduntcastrincateraenim
584 3887 639 3927 not.
651 3872 702 3925 vol.
715 3873 759 3936 IV,
770 3891 830 3943 pag.
844 3869 905 3937 314.

54 3977 92 4028 Pet
106 3965 284 4035 parenthesim
303 3961 376 4014 dieta
394 3971 470 4010 snut:
489 3975 539 4010 nec
623 3951 679 4005 165.
697 3953 773 4004 Bina.
789 3951 839 4001 Pro
851 3949 956 4002 duobus.
968 3949 1083 4028 Seru-

53 4043 204 4118 eethclipsis,
211 4041 450 4111 idest,eonceptio,
458 4056 540 4108 quum
587 4039 711 4109 Crispans.
724 4037 853 4098 Vibrans;
866 4051 1023 4098 coruscans;
1040 4039 1081 4088 in·

864 4125 905 4189 14.
