2742 4596
357 303 838 423 ornanuvtnotmt.
887 361 889 367 ’
1057 368 1118 456 ⁴¹7

68 482 150 547 Mox
161 479 258 545 aliam
271 478 386 568 pulsus
399 479 534 545 Cretaeis
546 477 697 543 condidit
708 481 784 544 oris.

68 590 168 657 Cedit
180 607 214 656 et
224 588 318 669 hinc,
332 586 686 678 Helenumque-videt,
698 607 930 680 praeceptaque
943 592 1053 678 discit;

49 765 52 773 ,
72 697 236 759 AEtnaeum
247 692 391 783 Cyclopa
403 692 500 780 fugit,
515 691 699 796 sepelitque
711 710 893 780 parentem.

520 855 676 914 ouanrt

448 975 669 1037 HlLASlUS.
689 975 746 1037 IV.

74 1101 178 1169 Ardet
189 1127 302 1170 amore
315 1103 406 1194 gravi
418 1101 521 1183 Dido,
535 1126 628 1168 soror
640 1107 735 1169 Anna
746 1103 862 1170 suadet

75 1211 209 1275 Nubere
220 1234 227 1274 :
235 1211 437 1301 junguntur,
450 1209 565 1275 nimbo
578 1227 734 1298 cogente,
747 1211 808 1276 sub
820 1232 924 1280 antro.

75 1318 209 1382 Incusat
220 1317 375 1405 precibus
388 1333 517 1404 patrem
529 1333 715 1382 contemtus
728 1315 848 1383 Iarbas.

76 1427 216 1514 Navigat
228 1430 345 1492 AEneas
353 1427 450 1518 jussu
461 1427 481 1490 J
483 1427 553 1491 ovis
567 1449 575 1489 t
588 1426 643 1490 illa
655 1423 771 1491 dolore

77 1535 273 1624 impatiens,
288 1552 460 1618 elamore,
473 1527 591 1600 necem
603 1535 665 1600 sibi
677 1535 829 1624 protinus
842 1537 951 1602 infert.
1095 1569 1127 1600 aa

525 1693 676 1769 Qutnrr.

441 1807 706 1870 PALLADIUS.
726 1809 764 1869 V.

79 1937 118 1998 ln
130 1933 254 2000 Siculas
267 1936 388 2000 iterum
400 1952 502 2001 terras
515 1939 661 2004 Fortuna
672 1935 803 2001 reducit

78 2045 220 2121 AEnean,
233 2042 431 2131 tumuloque
444 2044 545 2131 patris
557 2043 717 2130 persolvit
728 2040 901 2108 honorem.

78 2151 167 2213 Tum
180 2151 268 2238 cogit
278 2173 379 2214 naves
392 2149 572 2215 incendere
584 2149 731 2216 Troadas
744 2152 815 2215 Iris.

78 2259 186 2323 Troes
196 2257 243 2321 ibi
254 2258 412 2347 linquunt
424 2259 542 2342 socios.
557 2258 670 2324 Venus
682 2259 777 2322 anxia
788 2257 895 2346 placat

78 2365 293 2454 Neptunum:
307 2387 444 2431 somnus
457 2365 649 2429 Palinurum
661 2364 780 2451 mergit
792 2364 826 2426 in
838 2362 945 2428 undis.
1101 2378 1130 2454 ²⁵.
1184 2431 1187 2434 ,

542 2529 666 2574 SEXTI.

399 2647 737 2710 ASCLEPIADIUS.
758 2648 815 2708 Vl.

80 2776 245 2841 Sacratam
259 2769 386 2838 Phoebo
397 2775 576 2838 Cumarum
589 2772 694 2836 fertur
706 2771 740 2835 in
752 2770 870 2835 urbem
955 2840 958 2848 ,

83 2887 154 2949 Rex
165 2882 504 2974 Phrygius‚-vatisqne
517 2883 601 2969 petit
613 2903 771 2968 responsa
782 2879 922 2970 Sibyllae.

81 2992 250 3055 Misenum
263 2989 397 3078 sepelit:
411 3004 487 3076 post
498 2987 570 3054 haec
581 2987 650 3052 adit
661 2987 766 3051 infera
777 3009 893 3074 regna3

82 3097 356 3184 Congressusque
367 3094 467 3182 patri,
481 3091 578 3160 discit
589 3117 694 3183 genus
707 3115 806 3157 omne
819 3112 968 3168 suorum,

82 3203 227 3292 Quoque
240 3199 341 3268 modo
351 3223 448 3266 casus
460 3199 568 3264 valeat
580 3223 736 3289 superare
748 3200 887 3262 futuros.
1106 3208 1135 3304 3}

527 3353 697 3398 seratur.

412 3465 710 3526 EUSTHENIUS.
732 3464 809 3523 Vll.

85 3590 239 3656 Tandem
253 3588 437 3657 deveniunt
449 3595 626 3658 Laurentia
637 3594 741 3656 Troes
755 3593 789 3655 in
801 3611 879 3656 arva
892 3613 899 3653 :

86 3698 130 3760 Et
143 3717 222 3782 pace
235 3713 369 3784 accepta
380 3697 446 3762 laeti
459 3722 543 3763 nova
556 3698 679 3762 moenia
691 3695 850 3762 condunt.
922 3767 924 3773 ¹

86 3805 194 3867 Nocte
207 3819 309 3866 satam
320 3804 410 3868 Juno
423 3806 543 3870 furiam
556 3819 689 3868 evocat:
703 3803 758 3868 illa
768 3803 903 3868 Latinos

89 3914 184 3976 Inter
196 3927 230 3974 et
242 3909 404 3978 AEneadas
418 3912 543 3977 bellurn
556 3915 648 3994 serit,
662 3931 695 3978 et
706 3913 772 3978 ciet
782 3935 880 3978 arma.

91 4018 247 4083 Protinus
259 4019 386 4084 auxiliis
399 4035 486 4086 terra
498 4020 629 4088 instruit
640 4021 720 4088 ltala
731 4023 893 4088 Turnum.
1111 4029 1140 4100 355

168 4143 194 4196 7·
930 4141 962 4192 27
