2742 4596
263 334 325 402 388
509 313 1054 386 P.V1RG1L11Mtnonls

366 453 400 506 Et
410 455 538 521 poterunt
549 452 670 513 spectare
682 437 770 490 oculi?
781 456 830 490 uec
842 457 953 509 parcere
964 438 1061 492 honori

367 532 487 585 Flamma
499 526 563 578 suo?
574 522 737 594 dignumque
750 518 833 572 oculis
847 537 952 573 serrare
964 520 1105 574 decorem?

367 609 481 664 Pulcher
493 603 589 678 Apollo
601 615 676 666 reta,
688 601 770 652 Musa
782 599 923 672 prohibete
935 601 1048 670 Latina,
1060 616 1110 656 etc.

261 738 332 798 Hoc
342 730 438 792 sensit
447 743 580 806 magnus
590 720 643 781 ille
652 720 808 801 princeps.
819 717 902 794 Quid
913 717 960 778 illi
970 741 1059 800 paene
1068 741 1126 802 par
1136 721 1309 788 Alexander

262 818 407 888 Severus?
420 812 619 896 Lampridius
632 811 664 868 in
677 806 743 888 ejus
756 810 836 866 vita:
854 809 1045 889 «Virgilium
1057 809 1226 874 Platonem
1239 839 1306 897 poe·
1355 843 1356 848 ¹

264 929 368 976 tarum
382 903 529 978 vocabat,
549 899 677 982 ejusque
692 898 861 978 imaginem
876 917 946 956 cum
961 897 1122 960 Ciceronis
1139 902 1305 965 simulacro
1355 889 1356 966 l

263 1007 297 1065 in
312 995 447 1061 secundo
462 991 589 1054 berario
601 987 727 1060 habuit,
741 983 797 1044 ubi
812 997 843 1045 et
856 983 1002 1062 Achillis,
1015 999 1046 1046 et
1058 1008 1251 1069 magnorum
1264 995 1306 1052 vi·
1355 1017 1356 1084 g

262 1109 380 1154 rorum.
392 1111 405 1141 n
423 1083 501 1162 Quis
515 1078 569 1138 hic
581 1073 703 1136 honor?
721 1074 799 1150 Quis
815 1075 908 1133 etiam
922 1071 990 1150 ille,
1010 1075 1064 1156 qui
1081 1091 1129 1136 est
1150 1080 1237 1160 apud
1257 1084 1306 1141 Jo·
1355 1087 1356 1120 l

263 1181 394 1239 sianum
406 1173 462 1234 lib.
476 1171 503 1230 V
515 1167 554 1228 ds
565 1161 767 1236 Obedientia,
782 1161 970 1244 Mantuanos
983 1159 1084 1222 adhuc
1096 1164 1222 1246 insigne
1236 1189 1306 1249 gen.

263 1270 305 1328 tis
326 1283 389 1325 suae
406 1257 551 1343 proelerre
571 1263 667 1333 caput
686 1249 811 1330 Virgilii
831 1250 865 1308 in
886 1247 1024 1310 edificiis
1043 1263 1075 1310 et
1096 1245 1308 1316 monumentis

263 1352 413 1440 publicis,
431 1341 755 1408 sicuti‘Sulmonenses
767 1336 960 1398 Ovidianum
972 1336 1065 1414 illud,
1087 1363 1101 1394 ιι
1111 1341 1220 1404 Sulmo
1234 1343 1308 1404 mibi

263 1444 366 1528 patria
381 1450 441 1499 est:
454 1461 467 1491 o
484 1444 514 1492 et
526 1429 672 1492 Brodaeus
684 1429 717 1486 in
727 1423 783 1486 lib.
795 1425 839 1485 lll
851 1424 945 1502 Antb.
958 1426 1015 1502 ait,
1028 1425 1129 1487 adbuc
1141 1451 1160 1488 a
1171 1431 1311 1492 Mantua·

265 1536 316 1596 nis
326 1525 461 1608 insculpi
472 1525 506 1583 in
515 1521 653 1582 nummis
662 1517 798 1598 effigiem
807 1507 946 1596 Virgilii,
957 1518 1040 1576 siout
1049 1538 1067 1576 e
1076 1516 1164 1580 Chiis
1173 1523 1310 1598 Homeri,

268 1643 287 1680 a
298 1615 417 1680 Lesbiis
431 1606 582 1692 Sapphus.
595 1605 678 1683 Quid
691 1607 716 1665 si
729 1603 887 1664 adductos
901 1605 997 1678 imus,
1009 1605 1063 1686 qui
1075 1621 1235 1669 mortuum
1247 1613 1310 1671 Vir·
1355 1641 1356 1680 ,

268 1706 381 1788 gilium
393 1715 592 1777 summopere
604 1690 787 1755 coluerunt?
796 1691 843 1750 Dc
855 1691 930 1752 Silio
945 1691 1052 1751 Italico
1063 1694 1108 1752 ita
1117 1697 1227 1756 scribit
1235 1699 1310 1758 alter
1355 1711 1356 1722 ³

267 1793 388 1855 Plinius
406 1787 461 1846 lib.
483 1785 526 1844 lll
547 1783 647 1863 Epist.
671 1779 834 1840 «Multum
855 1778 971 1860 ubique
989 1776 1160 1856 librorum,
1179 1785 1309 1845 multum

270 1870 605 1949 statuarum,.multum
619 1869 810 1949 imaginum,
825 1888 901 1949 quas
913 1887 978 1926 non
990 1865 1128 1929 babebat
1140 1872 1251 1948 ruodo,
1266 1895 1311 1934 vc-
1355 1895 1356 1970 p

268 1989 342 2030 rum
360 1967 455 2026 etiam
469 1958 691 2032 venerabatur;
705 1956 830 2038 Virgilii
845 1971 916 2016 ente
930 1977 1053 2032 omnes,
1073 1956 1163 2039 cujus
1180 1959 1311 2022 natalem
1355 1971 1356 2026 l

264 2057 458 2139 religiosius,
471 2069 566 2133 quam
576 2068 666 2108 suunt
680 2044 875 2107 celebrabat:
888 2047 1019 2127 Neapoli
1028 2049 1178 2126 maxime,
1188 2051 1241 2110 ubi
1251 2074 1312 2113 mo·
1355 2039 1356 2092 l

160 2167 162 2172 ·
271 2138 543 2219 numentum'ejus
559 2137 659 2211 adire,
678 2147 714 2195 ut
728 2135 897 2216 templum,
917 2133 1073 2193 solebat.»
1093 2136 1133 2194 Et
1144 2139 1267 2200 Jorian.
1282 2144 1311 2201 in

271 2235 330 2299 lib.
350 2234 387 2295 de
401 2229 604 2292 liberalitate:
626 2251 640 2282 ιι
650 2225 742 2287 Silius
757 2225 883 2286 ltalicus
899 2223 1078 2305 sepulcrum
1094 2225 1161 2306 ejus
1179 2231 1311 2311 quotidie
1355 2215 1356 2296 l

271 2316 531 2412 paeneinrisebst,
540 2329 633 2398 atque
643 2311 818 2375 adornabat
827 2312 1019 2374 muneribus.
1027 2338 1041 2369 n
1053 2315 1191 2378 Martial.
1200 2317 1254 2381 lib.
1265 2321 1312 2396 ill,

381 2528 459 2583 Silius
470 2527 527 2579 haec
538 2523 628 2596 magui
640 2521 758 2574 celebrat
769 2530 941 2572 monumenta
952 2519 1079 2572 Maronis.

276 2649 317 2708 Et
329 2644 426 2718 infra,
437 2640 493 2702 lib.
508 2639 565 2714 Xl,
577 2639 665 2718 Epig.
680 2633 719 2715 49
731 2658 738 2694 ε

383 2774 443 2825 Jam
453 2787 539 2841 prope
551 2766 670 2819 desertos
683 2765 800 2829 cineres,
812 2774 839 2814 et
851 2773 944 2814 sancta
955 2762 1076 2814 Maronis

417 2851 535 2902 Nomina
547 2849 593 2918 qui
604 2846 718 2911 coleret,
730 2860 834 2915 pauper
846 2854 872 2894 et
882 2860 951 2894 unus
963 2855 1028 2894 erat.
1158 2859 1161 2866 ·
1213 2895 1215 2900 ,
1355 2805 1356 2888 l

276 2973 443 3039 Fatebatur
454 2969 540 3028 enim
551 2965 656 3038 Silius,
670 2964 820 3022 latentem
833 2982 863 3021 se
874 2963 908 3021 in
922 2959 1065 3044 sepulcro
1075 2962 1217 3025 Maronis
1227 2986 1261 3025 ex
1270 2964 1315 3024 fri·

278 3065 358 3148 gidis
373 3055 439 3140 ejus
452 3053 571 3116 ossibus
584 3063 614 3110 et
632 3047 789 3110 cineribus
805 3047 993 3108 incalescere
1013 3047 1053 3106 ad
1071 3047 1218 3111 divinum
1232 3055 1313 3134 spiri.
1355 3097 1356 3124 ,

279 3169 363 3226 tum,
375 3160 405 3209 et
419 3144 457 3205 ad
470 3137 696 3202 effundendum
708 3156 843 3198 carmen.
864 3135 951 3196 ldem
964 3136 1002 3196 de
1014 3155 1049 3222 se
1063 3135 1182 3198 fatetur
1195 3141 1313 3200 Hieron.
1355 3153 1356 3188 t

280 3238 352 3298 Vid.
365 3233 421 3295 lib.
433 3232 477 3290 lll
491 3227 604 3288 Poetis.

386 3343 492 3415 Virgilii
504 3353 564 3394 aute
577 3357 668 3392 omnes
679 3339 732 3390 leti
743 3337 787 3390 hic
799 3356 880 3410 super
893 3349 965 3390 astru
976 3338 1094 3390 feremus
1182 3366 1185 3376 ·

388 3423 555 3477 Carminibus
567 3421 661 3494 patriis
671 3418 780 3486 laudes,
790 3419 874 3488 ,decus
886 3418 958 3470 unde
970 3419 1108 3485 Latinum,

388 3501 466 3553 Unde
478 3500 543 3552 mihi
554 3503 638 3566 vires,
651 3501 755 3552 animus
766 3497 832 3548 mihi
840 3495 951 3550 ‘ducitur
961 3496 1041 3549 unde.

285 3619 374 3678 Paria
386 3616 424 3677 de
437 3637 469 3676 se
481 3617 590 3697 Papia.
603 3616 658 3675 lib.
672 3615 714 3675 lV
728 3614 820 3696 Sylr.

552 3733 740 3802 Maronacoque
753 3730 847 3783 sedens
859 3731 887 3782 iu
898 3731 1017 3803 margine
1028 3727 1122 3800 templi

391 3809 472 3864 Sumo
485 3813 615 3874 animum,
628 3823 654 3864 et
665 3813 755 3883 magni
768 3809 873 3862 tumulis
886 3809 1001 3862 adcanto
1014 3809 1146 3880 Magistri.
1209 3819 1213 3874 ζ
1355 3831 1356 3906 p

283 3929 433 3990 Jovianus
444 3949 569 4010 quoque
578 3931 635 4004 sit,
651 3927 690 3988 ab
701 3931 787 3990 Actio
798 3929 971 3988 Sannazaro
981 3927 1102 4001 locum,
1115 3927 1149 3984 in
1160 3945 1225 4007 quo
1232 3913 1315 4006 jac'uit

248 4087 251 4092 ,
282 4018 420 4100 sepultus
428 4013 833 4098 Virgilius,religiosissime
843 4033 874 4080 et
884 4039 957 4080 cum
965 4017 1170 4082 veneratione
1180 4013 1252 4093 ooli,
1262 4013 1315 4075 adi·
