2742 4596
373 304 853 388 orarunvmorutt.

86 434 237 510 Turnus,
253 445 285 494 et
297 429 332 492 in
343 430 448 495 varias
459 428 608 496 turbatus
622 445 755 519 pectora
767 451 895 501 mentes

88 539 207 602 AEneas
220 533 400 600 Evandron
412 533 495 614 adit,
510 536 587 600 facit
598 533 737 624 hospitis
750 561 863 620 usum,

88 644 198 730 Atque
211 664 352 729 operum
364 662 508 718 caussae,
523 639 612 704 urbis
625 644 794 728 cognoscit
805 641 948 714 honores
961 675 967 712 :

88 748 186 819 Arma
199 762 307 835 rogat,
321 742 483 835 Cytherea
495 759 603 832 rogat,
616 765 693 808 mox
705 746 824 834 accipit
835 747 948 832 heros,

88 846 229 943 *Tuque
242 876 344 941 opere
356 868 407 918 ast
418 853 508 942 piget
520 853 598 916 facti
610 851 702 917 labor
715 851 818 918 efficit
829 871 943 924 artem.

562 987 667 1033 nont

89 1082 198 1172 Atque
212 1105 250 1147 ea
262 1081 392 1148 diversa
403 1084 535 1171 penitus
549 1081 630 1150 dum
642 1099 735 1170 parte
748 1103 921 1174 geruntur,

90 1190 151 1255 Iris
163 1190 271 1272 adest;
284 1207 400 1257 monet
411 1213 502 1255 arma
515 1189 576 1254 sibi
590 1190 753 1256 contraria
765 1209 872 1257 sumat
885 1218 892 1257 :
955 1213 957 1217 ·

89 1294 273 1362 Caeduntur
284 1297 398 1386 vigiles
411 1314 445 1361 et
457 1314 572 1361 mutua
584 1319 723 1384 corpora
735 1298 888 1380 fratrum,

90 1405 189 1469 Nisus
202 1420 236 1469 et
246 1401 420 1496 Euryalus,
434 1421 541 1471 morte
555 1420 588 1468 et
599 1405 722 1492 pietate
735 1404 866 1486 fideles3

91 1509 248 1598 Dumque
260 1510 343 1597 petit
354 1508 502 1588 laudem,
515 1510 652 1574 vincunt
663 1511 827 1576 contraria
839 1512 912 1578 fata.

91 1611 261 1678 Audacem
274 1615 451 1680 Remulum
463 1615 531 1678 leto
543 1611 599 1678 dat
611 1611 751 1702 pulcher
763 1615 864 1681 Iulus.

541 1747 692 1794 DEClMl.

94 1843 253 1910 Panditur
264 1844 391 1909 interea
404 1846 523 1909 caelum
535 1842 699 1934 sedesque
712 1847 881 1911 Tonantis.

93 1955 247 2018 Alternos
261 1969 396 2042 questus
409 1957 522 2018 Venus
534 1977 572 2018 ac
584 1953 734 2019 Saturnia
745 1963 912 2042 promunt.

95 2058 154 2123 Illa
167 2057 276 2137 dolos,
289 2054 360 2122 haec
372 2056 473 2136 bella,
486 2075 613 2140 movet3
628 2056 686 2122 sed
698 2060 842 2124 vincitur
853 2062 900 2125 ira

94 2169 203 2231 Mater
217 2189 224 2228 :
237 2181 270 2230 at
282 2167 399 2232 AEneas
410 2165 499 2232 bello
513 2190 581 2232 non
593 2167 725 2254 segnior
736 2167 844 2232 instat.

93 2272 242 2336 Vulnere
253 2272 398 2335 Mezenti
409 2270 555 2336 *laedaem
567 2293 643 2334 nam
656 2271 780 2335 fecerat
791 2273 886 2350 iram,

95 2381 204 2463 Quem
216 2379 322 2466 tetigit
333 2379 452 2460 virtus,
464 2393 598 2467 superat
608 2399 669 2466 per
681 2377 746 2442 fata
757 2379 927 2466 periclum.

516 2513 721 2566 unnnctrtt.

96 2613 268 2680 Oceanum
279 2614 407 2679 interea
419 2612 563 2680 Phoebus
577 2628 789 2702 superaverat
800 2631 884 2678 ortu.

98 2720 246 2786 Exstruit
257 2721 373 2784 AEneas
387 2717 501 2784 dextra
514 2719 649 2808 quaesita
661 2736 800 2807 tropaea,

99 2826 222 2893 Condit
233 2826 327 2891 humi
340 2827 461 2906 socios,
475 2825 580 2890 fatum
593 2835 675 2916 'quos
688 2823 838 2890 condidit
849 2843 935 2890 ante.

98 2935 214 3024 Legati
226 2957 383 3023 responsa
395 2934 522 3012 ferunt,
535 2936 732 3022 veniamque
744 2932 882 3020 petitam

100 3045 175 3108 Non
189 3059 300 3130 negat,
315 3058 348 3108 et
359 3059 474 3108 contra
486 3058 611 3130 pugnat
624 3064 738 3107 secura
749 3039 900 3118 Camilla,
1117 3057 1145 3102 65
1283 3057 1287 3070 ·

101 3151 239 3216 Femina
250 3148 340 3216 caede
353 3167 486 3240 potens,
501 3174 577 3216 casu
589 3153 762 3218 temeraria
775 3167 875 3216 tanto.

136 3294 181 3362 47.
198 3292 227 3341 F.
241 3291 324 3343 Anna
337 3291 415 3343 deum
430 3291 553 3364 Cytherea
566 3310 604 3344 ro·
685 3293 727 3346 50.
739 3295 843 3356 Sumat,
855 3288 956 3342 scilicet
963 3287 1068 3342 Turnus
1078 3313 1084 3342 z
1095 3294 1146 3344 nisi

101 3382 155 3446 ¹qut.
173 3369 225 3422 Sed
237 3373 265 3422 in
279 3373 370 3443 inepto
386 3373 503 3424 carmine
516 3391 605 3424 emen·
650 3384 688 3424 est
698 3395 703 3422 :
713 3381 832 3430 sumant‚·
844 3381 874 3420 ut
886 3386 980 3440 supra,
992 3371 1019 3420 in
1029 3370 1089 3437 Vll,
1102 3373 1145 3438 41.

103 3449 194 3503 dando
212 3469 320 3522 operam
338 3469 438 3522 ponere
456 3453 537 3522 piget.
557 3451 604 3505 Se·
685 3451 727 3504 ὄπ.
740 3449 859 3502 Discedit
871 3449 1010 3521 aVirgilio
1023 3451 1148 3506 Scholas-

102 3543 341 3603 quentemversum
349 3533 387 3582 sio
396 3534 534 3586 constituit
543 3533 605 3582 Bur·
649 3533 695 3584 'tici
706 3531 812 3592 levitas;
825 3530 924 3601 partim
932 3529 1075 3582 verborum
1087 3551 1149 3604 pro·

102 3627 234 3662 mannus:
247 3609 389 3680 «Tumque
400 3613 541 3682 operaista
552 3623 605 3662 stu·
649 3611 790 3682 prietatem
802 3607 908 3661 deserit.

102 3702 162 3762 pet;
180 3690 259 3742 fartis
276 3687 355 3743 labor
367 3689 472 3742 addidit
487 3703 602 3744 artem·
659 3727 665 3734 -
686 3687 728 3742 53.
742 3688 803 3741 Sine
814 3687 912 3754 dubio,
922 3698 1023 3759 petunt.

104 3770 481 3824 Nondeteriorversusesset:
493 3771 606 3842 «Neque
657 3799 659 3808 ι
687 3768 734 3840 57,
749 3767 791 3822 58.
809 3763 860 3822 Sed
874 3769 986 3820 vincitur
1000 3770 1038 3820 ira
1053 3773 1146 3824 Mater.

105 3853 194 3924 operis
215 3852 319 3922 pigeat,
342 3852 409 3904 facti
429 3851 506 3904 labor
524 3851 607 3904 efficit
650 3849 711 3916 Quo
728 3860 830 3921 spectet
846 3849 950 3910 nescio;
969 3850 1059 3900 necin
1073 3868 1148 3922 seqq.

106 3945 192 3984 arte.»
210 3931 279 3982 Nam
289 3929 349 3996 ille,
367 3948 447 4002 quem
458 3933 606 4002 recepimus
651 3930 795 4000 quicquam
822 3930 880 3980 sani
905 3941 953 3981 est.
979 3928 1090 3984 videtur
1116 3932 1149 3984 de

105 4014 134 4070 in
144 4023 231 4080 textu,
243 4011 352 4067 omniuo
365 4008 526 4080 rejiciendus
539 4021 588 4067 est.
651 4006 766 4066 hauriet
774 4009 897 4068 Mezentii
907 4007 978 4064 cede
988 4009 1031 4079 agi
1040 4007 1148 4063 debere.
