2742 4596
99 225 102 234 ’
203 270 269 352 us
451 273 486 338 r.
513 272 747 338 vinortu
770 271 1004 342 uaaours

202 417 338 477 quorum
348 411 493 478 excerpta
503 399 534 458 in
546 398 703 458 Auctorib.
715 399 775 460 LL.
786 411 915 458 exstant.
928 397 1012 459 ldem
1024 399 1187 474 Plautum,
1199 403 1257 461 Tc·

200 485 355 558 rentium,
375 484 557 564 Virgilium,
576 483 703 546 scholiis
720 483 891 546 illustrasse
908 486 1016 548 fertur.
1034 487 1112 563 Quae
1127 489 1185 550 sub
1200 509 1256 548 no·

200 573 287 633 mine
300 574 377 634 Celsi
390 571 575 648 laudantur,
594 595 690 656 quum
706 573 745 634 ad
758 575 909 656 Georgica
926 588 1063 658 spectent
1076 580 1200 652 omnia,
1220 577 1256 636 in

201 661 339 720 Cornelii
353 662 432 722 Gelai
445 661 527 724 libro
539 663 615 724 dere
624 665 733 724 rustica
743 662 849 724 locum
861 662 976 726 babere
986 668 1140 747 potuisse,
1153 677 1188 726 ut
1200 685 1257 724 nec

203 768 309 828 neges,
323 753 365 809 ita
382 773 439 811 nec
453 751 588 811 affirmes
598 771 667 810 cum
680 753 848 811 Bianconio
858 754 938 834 Epp.
948 752 987 812 de
997 753 1105 813 Celso:
1122 756 1181 834 Ep.
1189 753 1257 815 Vll.

202 835 279 912 Quae
298 840 330 898 in
345 837 485 900 Charisia
501 853 687 914 occurrunt,
705 859 776 920 pag.
796 845 850 900 180
865 853 895 900 et
911 859 981 921 191,
996 855 1127 922 potuere
1142 843 1177 902 in
1189 841 1256 900 aliis

202 924 315 986 libellis
328 931 536 1008 grammaticis
547 948 718 989 occurrere.

243 1023 478 1088 Derlumotr'ones
493 1030 525 1088 iu
537 1027 704 1109 Virgilium
716 1050 724 1086 ι
737 1027 820 1088 Serv.
834 1029 867 1088 in
880 1029 947 1088 AEn.
960 1030 1003 1103 X,
1015 1028 1083 1092 532.

247 1119 291 1176 Ti.
306 1119 444 1180 Claudius
457 1123 604 1194 Hortalus,
618 1121 771 1180 recentior
783 1119 862 1180 AElio
875 1121 1014 1194 Donato,
1030 1120 1084 1200 qui
1101 1120 1129 1182 S.
1143 1119 1256 1182 Hiero·

204 1206 290 1284 nymi
303 1221 477 1288 praeceptor
490 1207 564 1284 fuit,
579 1209 735 1268 Prisciauo
746 1221 851 1268 tamen
862 1221 892 1268 et
902 1209 1023 1282 Servio»,
1039 1209 1092 1287 qui
1106 1227 1179 1270 eum
1192 1206 1258 1266 lau-

204 1289 295 1366 dant,
317 1298 493 1377 antiquior,
513 1298 759 1356 Grammaticus:
781 1293 819 1354 dc
841 1316 903 1376 quo
924 1293 988 1356 vid.
1010 1293 1095 1376 apud
1119 1295 1256 1357 Satrium.

205 1383 237 1444 V
236 1383 276 1441 lta
288 1384 421 1465 Virgilii,
434 1407 502 1466 quae
513 1386 550 1446 ad
564 1406 636 1446 eum
646 1385 793 1460 refertur,
804 1387 829 1444 si
840 1384 937 1445 modo
948 1405 1020 1446 eum
1032 1399 1193 1446 auctorem
1203 1382 1258 1442 ha·

203 1465 273 1547 bet,
290 1471 461 1532 foedissime
481 1497 498 1534 a
515 1473 676 1551 monachis
694 1487 740 1534 est
758 1472 957 1554 interpolata.
977 1475 1210 1536 Commentarius
1227 1473 1258 1530 ia

204 1561 371 1637 AEneidem,
383 1563 420 1622 ad
431 1565 477 1622 Ti.
490 1563 657 1624 Claudium
667 1564 839 1623 Maximum
850 1564 1026 1637 Donatum,
1037 1561 1154 1636 filium,
1164 1561 1257 1640 scrip·
1281 1617 1287 1624 .

206 1662 270 1724 tus,
283 1653 395 1731 partim
410 1665 439 1710 et
454 1653 519 1734 ipse
531 1651 735 1734 interpolatus
749 1665 809 1726 est,
822 1652 936 1732 partim
950 1652 1077 1731 argutiis
1094 1649 1256 1710 rhetoricis

206 1737 245 1798 ad
261 1738 421 1799 fastidium
435 1755 478 1800 cst
494 1741 638 1815 refertus;
654 1763 716 1822 quo
730 1739 845 1802 factum
858 1740 951 1814 adeo,
966 1755 1002 1800 ut
1015 1761 1073 1822 pro
1088 1738 1258 1822 suppositi·

205 1827 250 1886 tio
271 1825 397 1888 habitus
417 1831 475 1888 'sitz
497 1829 536 1889 cf.
553 1831 655 1890 Burin.
672 1828 760 1910 praef.
780 1830 827 1910 (p.
842 1829 906 1910 37).
925 1829 1118 1891 Ferebantur
1133 1829 1166 1886 in
1182 1824 1259 1884 anti-

206 1915 370 1995 quioribus
385 1918 454 1978 edd.
468 1919 642 2000 fragmenta
657 1939 742 1978 exeo
757 1940 873 2001 pauca,
880 1917 946 1999 jam
957 1918 1030 1980 inde
1040 1919 1080 1978 ab
1094 1918 1168 1978 edit.
1179 1918 1257 1976 Ven.

210 2003 295 2083 1489.
318 2007 496 2068 Pleniorem
510 2029 527 2068 e
541 2008 732 2069 bibliotheca
745 2011 871 2068 Joviani
885 2011 1019 2070 Pontani
1033 2030 1106 2070 earm
1117 2007 1260 2088 vulgavit

206 2095 309 2170 Seli'lO
328 2099 481 2181 Capycius
504 2101 601 2182 Neap.
629 2101 718 2176 1535,
739 2101 838 2174 unde,
856 2103 908 2160 vix
925 2121 1047 2182 magno¹
1060 2121 1133 2160 cum
1146 2098 1258 2162 ¹fructu

205 2184 244 2246 ad
254 2183 467 2265 juventutem,
482 2190 589 2250 recudi
601 2212 671 2252 eum
685 2193 808 2252 curavit
819 2193 874 2250 Ge.
887 2191 1046 2252 Fabricius
1059 2189 1150 2250 Basil.
1169 2186 1257 2260 1551,

141 2304 144 2312 ν
207 2295 272 2356 rep.
298 2277 385 2354 1561,
411 2279 499 2361 1575,
525 2281 613 2356 1586,
639 2281 723 2340 1613.
746 2280 846 2340 Multo
862 2278 1007 2361 pleniora
1020 2277 1211 2359 exemplaria
1225 2277 1258 2333 iu

205 2361 406 2428 bibliothecis
417 2371 547 2445 servari,
566 2391 583 2430 a
596 2370 670 2430 viris
685 2369 785 2430 doctis
798 2367 984 2430 affirmatur.
1003 2365 1075 2428 Vid.
1088 2369 1260 2426 Burmann.

206 2455 296 2536 praef.
308 2459 397 2538 (pag.
413 2459 451 2518 38
465 2460 528 2540 sq.)

246 2553 332 2627 Eros,
345 2551 492 2616 librarius
504 2571 534 2615 et
544 2557 672 2618 libertus
681 2554 816 2638 Virgilii.
827 2559 942 2618 Donat.
953 2556 987 2616 in
997 2556 1059 2615 Vit.
1070 2555 1159 2633 Virg.
1169 2553 1198 2630 §.
1210 2553 1257 2630 49·

245 2639 355 2700 Fabius
370 2641 544 2704 Planciades
560 2643 731 2727 Fulgentius
752 2644 791 2708 de
810 2643 951 2726 allegoria
972 2641 1068 2704 libror.
1089 2645 1119 2706 V
1118 2639 1208 2723 irq'r'h't'
1223 2638 1262 2700 od

208 2726 391 2792 Chalcidicam
407 2735 656 2810 Grammaticum,·
668 2738 732 2795 sive
744 2733 783 2793 de
794 2737 971 2816 expositione
985 2729 1159 2814 Virgilianae
1169 2732 1260 2790 conti-

206 2822 322 2881 nentiae.
344 2823 482 2884 Primum
501 2826 548 2884 ed.
567 2825 785 2886 aCommelin.
808 2826 895 2904 1589,
915 2826 1028 2886 iterum
1045 2843 1063 2880 a
1080 2824 1115 2882 P.
1131 2819 1259 2882 Daniele

212 2908 303 2984 1600,
316 2910 438 2970 auctior
448 2933 464 2970 e
474 2911 550 2972 Cod.
565 2914 626 2972 MS.
641 2926 670 2971 et
685 2933 808 2972 recusus
820 2933 838 2972 a
849 2911 1019 2974 Munckero
1030 2921 1060 2970 et
1073 2911 1143 2970 Van
1158 2910 1260 2968 Stare·

208 3016 262 3056 ren
281 2999 313 3057 in
332 2997 513 3060 auctoribus
529 2998 770 3081 Mythographis
786 3001 913 3060 Latinis.
933 3001 992 3060 Vix
1005 2998 1108 3060 ullum
1120 3019 1157 3058 ex
1173 3019 1209 3056 eo
1222 2995 1260 3056 ad

207 3088 375 3168 Virgilium
391 3089 528 3150 fructum
547 3106 649 3170 speret
668 3090 797 3170 aliquis,
817 3111 917 3171 quum
936 3089 1140 3150 insulsissime
1161 3086 1260 3146 detor·

208 3179 742 3255 queatnominumetsententiarum
752 3178 887 3238 rationes
896 3176 934 3236 ad
945 3177 1260 3255 virtutismorumque

209 3265 346 3323 occultas
360 3266 629 3347 interpretationes
643 3265 865 3345 grammaticus
880 3264 1105 3345 ineptissimus.
1125 3261 1260 3338 Quando

209 3352 334 3426 vixerit,
348 3373 459 3432 parum
470 3369 608 3430 constat,
622 3375 678 3414 nec
688 3353 831 3435 expedire
841 3356 947 3435 potuit
957 3351 1119 3414 Munoker.
1130 3353 1165 3410 in
1176 3347 1260 3432 prael.

210 3442 247 3501 ad
265 3462 350 3515 eum,
368 3445 427 3503 nisi
441 3447 525 3524 quod
545 3447 616 3506 Afer
632 3445 708 3521 fuit,
728 3457 757 3504 et
769 3443 918 3504 Vandalis
932 3443 1067 3503 Africam
1083 3442 1262 3502 tenentibus

212 3529 327 3589 saeculo
340 3529 421 3590 forte
435 3546 518 3592 sexto
533 3535 621 3594 vixit.

252 3625 463 3690 Glossariolum
482 3636 512 3696 V
511 3630 800 3715 irpilianum'prisco
815 3631 955 3690 Maronis
973 3627 1072 3690 codici
1088 3625 1261 3707 subjectum

211 3727 394 3776 tractaverat
404 3719 492 3801 Casp.
504 3720 661 3796 Barthius,
674 3722 757 3780 unde
770 3723 802 3778 in
816 3717 940 3778 Advers.
952 3715 1110 3790 XXXVII,
1122 3715 1156 3789 5,
1168 3714 1264 3796 speci·

212 3825 284 3866 men
298 3811 473 3888 proposuit.
486 3811 707 3892 Comparando
722 3821 871 3893 poterunt
883 3808 963 3868 forte
973 3805 1093 3866 firmari
1106 3803 1262 3866 nonnulla

211 3895 277 3976 jam
291 3897 417 3957 aliunde
431 3912 522 3975 nota3
535 3901 595 3960 alia
610 3915 685 3961 sunt
701 3901 867 3983 depravata
879 3913 909 3959 et
921 3896 1123 3978 interpolata.

253 3987 381 4068 Gnipho.
398 3989 442 4049 M.
454 3992 627 4053 Antonium
636 3991 854 4074 Gniphonem,
867 3988 1113 4073 dequoSuetou.
1127 3983 1175 4048 ill.
1184 3985 1261 4066 Gn7
