2726 4592
210 310 273 374 328
387 311 505 374 VITA
528 311 562 372 P.
585 309 819 373 VlRGlLll
842 311 1074 378 MARONIS

210 432 305 512 vulgo
330 433 607 506 circumferuntur,
631 446 780 513 tanquam
805 437 903 512 prima
924 434 1105 515 Virgilianae
1127 457 1257 517 poeseos

209 519 406 580 rudimenta:
426 521 471 580 ibi
487 520 570 580 furta
587 518 713 599 quidem
733 540 769 579 ex
788 520 920 601 Virgilio
940 520 1075 603 aliquot,
1095 523 1149 583 sed
1167 523 1259 584 nulla

208 611 289 668 tanti
301 611 418 690 ingenii
432 609 619 670 lineamenta
629 607 915 691 deprehenduntur.
925 611 1062 671 Primam
1075 613 1173 693 igitur
1182 625 1257 674 aeta-

209 691 249 756 tis
259 713 377 778 partem
388 702 421 760 in
432 721 468 759 co
479 701 600 782 posuit,
612 712 645 758 ut
653 700 761 759 Literis
771 720 836 759 uon
846 697 949 760 solum
959 701 1073 761 Graecis
1082 714 1113 761 et
1121 703 1258 776 Latinis,

209 785 261 844 scd
276 789 436 866 Historiae,
451 787 679 870 Philosophiae,
691 786 857 849 Medicinae
871 790 966 848 etiam
980 803 1010 848 et
1022 789 1259 850 Mathematicis
1343 789 1351 804 “

211 895 340 956 operam
353 877 457 940 daret:
471 893 500 938 et
513 876 725 959 Philosophiae
740 876 868 959 quidem
880 880 1064 959 magistrum
1079 877 1194 939 habuit
1204 881 1260 960 sy.
1355 881 1356 898 ³

210 983 322 1024 ronem
338 967 543 1048 Epicureum,
560 963 649 1046 cujus
663 963 777 1047 placita
792 963 830 1024 dc
844 959 948 1025 rerum
961 967 1082 1047 origine
1095 966 1262 1048 descripsit

209 1052 325 1136 Ecloga
338 1071 421 1116 sexta
433 1056 472 1117 ad
484 1059 616 1131 Varum,
630 1057 684 1137 qui
697 1053 807 1114 eodem
821 1056 969 1135 magistro
983 1055 1086 1116 fuerat
1097 1077 1181 1115 usus.
1196 1057 1262 1115 hu·

210 1137 270 1200 diit
288 1144 322 1201 in
341 1144 455 1205 Graecis
473 1157 697 1226 preceptorem
715 1141 935 1218 Parthenium,
954 1144 1059 1224 quiet
1079 1143 1147 1225 ipse
1165 1155 1262 1223 poeta

209 1225 272 1288 fuit
284 1227 369 1290 haud
382 1231 542 1314 ignobilis.

252 1329 318 1390 Hac
339 1332 506 1414 instructus
523 1330 714 1414 supellectile
732 1330 909 1406 literarum,
932 1328 972 1388 ad
988 1330 1109 1412 poesim
1132 1328 1263 1389 tandem

213 1415 323 1476 extulit
339 1420 478 1480 animos:
500 1441 534 1480 ac
552 1433 623 1502 post
638 1437 779 1500 pugnam
793 1415 1039 1498 Philippensem,
1061 1437 1160 1498 quum
1177 1431 1263 1476 trans

211 1502 335 1570 Padum
367 1510 433 1590 agri
466 1510 618 1570 veteranis
643 1508 733 1588 jussu
757 1507 1008 1570 Triumvirorum
1033 1503 1264 1580 dividerentur,

184 1605 190 1622 ·
211 1593 280 1673 ipse
297 1595 397 1662 fundo
417 1621 474 1659 suo
491 1597 531 1659 ab
548 1601 622 1659 Ario
642 1599 826 1659 centurione
842 1594 994 1677 dejectus,
1012 1597 1146 1658 Romam
1165 1597 1263 1654 veuit.
1359 1659 1360 1668 χ

212 1681 259 1742 lbi
281 1707 337 1766 per
356 1689 498 1752 Asinium
517 1689 708 1763 Pollionem,
729 1708 823 1769 quem
840 1687 907 1767 jam
928 1689 960 1745 in
979 1684 1082 1746 Gallia
1103 1685 1264 1766 Cisalpina
1359 1685 1360 1716 ³

211 1789 387 1838 versantem
408 1778 560 1853 coluerat,
586 1778 762 1852 Maecenati,
787 1797 844 1856 per
865 1777 1066 1835 Maecenatem
1088 1774 1264 1834 Octaviano
1360 1816 1361 1820 ,

213 1865 463 1941 commendatus,
475 1866 509 1926 id
524 1869 719 1948 impetravit,
740 1880 776 1925 ut
789 1886 862 1945 ager
874 1863 935 1924 sibi
948 1865 1168 1924 restitueretur.
1184 1863 1265 1922 Tum

213 1951 357 2014 Bucolica
372 1976 498 2018 exorsus
508 1972 555 2017 est
566 1978 650 2016 anno
662 1958 762 2016 aetatis
772 1957 917 2016 vicesimo
929 1975 1017 2016 nono
1029 1978 1037 2014 z
1052 1975 1088 2014 ac
1100 1955 1265 2014 Mantuam

212 2057 365 2117 reversus,
376 2064 474 2123 quum
484 2045 523 2105 ab
533 2046 606 2106 Ario
616 2044 753 2105 fundum
763 2057 931 2126 repeteret,
943 2044 982 2103 ab
992 2065 1029 2104 eo
1039 2063 1153 2124 parum
1163 2040 1267 2100 abfuit
1361 2046 1362 2116 l

213 2129 291 2210 quin
304 2135 505 2197 occideretur.
515 2138 648 2198 Romam
660 2139 757 2220 igitur
768 2156 935 2216 regressus,
945 2149 981 2198 ut
992 2136 1057 2194 vim
1069 2133 1130 2192 sihi
1143 2131 1267 2192 illatam
1361 2137 1362 2176 ἕ

215 2237 409 2301 quereretur,
428 2247 546 2288 nonam
561 2226 710 2308 Eclogam
725 2224 840 2288 obtulit
856 2225 939 2286 Varo
957 2223 1040 2306 apud
1055 2223 1267 2283 Octavianum
1361 2253 1362 2266 .

214 2313 364 2390 gratioso.
379 2317 524 2379 Bucolica
535 2319 672 2380 triennio
686 2315 837 2391 absolvit,
852 2316 887 2374 in
901 2312 1015 2395 quibus
1030 2313 1184 2374 Caesarem
1197 2310 1267 2370 lau-

215 2396 270 2461 dat
281 2414 312 2462 et
323 2414 453 2480 ceteros,
466 2427 522 2488 per
534 2426 613 2486 quos
625 2406 660 2464 in
674 2425 744 2465 suas
756 2402 840 2463 sedes
854 2402 999 2466 redierat.

253 2499 508 2584 Deindepaterui
518 2507 600 2565 ruris
610 2525 742 2579 memor,
752 2517 783 2562 et
794 2499 995 2583 agriculturae
1007 2498 1118 2560 studiis
1131 2500 1269 2558 innutri-

214 2598 279 2660 tus,
296 2587 449 2670 Georgica
462 2593 586 2674 scripsit
603 2588 807 2650 inhonorem
820 2589 1014 2663 Maecenatis,
1034 2584 1121 2667 cujus
1138 2606 1200 2667 ope
1211 2607 1268 2644 sua

214 2688 384 2756 receperat.
403 2677 552 2739 Incubuit
566 2692 670 2739 autem
685 2679 772 2759 operi
787 2689 852 2736 tam
867 2690 948 2736 terso
963 2688 993 2734 et
1005 2675 1117 2733 limato
1130 2693 1187 2754 per
1199 2692 1267 2752 sep·

216 2774 280 2821 tem
292 2785 407 2842 annos,
421 2770 557 2830 maxime
569 2767 718 2850 Neapoli:
734 2788 769 2826 ac
783 2781 859 2826 tunc
872 2765 1022 2846 temporis
1036 2761 1172 2821 traditur
1186 2782 1268 2843 quo·

216 2850 294 2912 tidie
311 2854 478 2918 meditatos
496 2877 588 2918 mane
608 2857 761 2939 plurimos
780 2875 886 2916 versus
904 2854 1020 2914 dictare
1037 2852 1165 2926 solitus,
1187 2871 1268 2932 quos

213 2962 271 3023 per
283 2956 387 3005 totum
399 2945 483 3008 diem
495 2947 691 3006 retractando
704 2945 865 3026 redigebat
877 2943 915 3002 ad
927 2941 1145 3024 paucissimos3
1168 2959 1268 3021 quum

215 3033 282 3113 ipse
296 3034 413 3096 diceret
423 3057 532 3119 parere
544 3056 576 3095 se
586 3057 691 3096 versus
702 3055 789 3095 more
801 3035 909 3094 ursino
922 3055 929 3090 ε
942 3053 1019 3092 nam
1033 3043 1168 3090 recentes
1180 3031 1271 3109 lnge·

214 3122 262 3182 nii
282 3126 329 3184 sui
348 3137 454 3206 partus
470 3123 542 3184 rudi
562 3143 624 3182 esse
643 3137 674 3183 et
691 3123 875 3204 imperfecta
894 3119 989 3195 facie;
1008 3117 1060 3178 se'd
1077 3115 1194 3177 deinde
1211 3117 1270 3176 fin-

216 3210 320 3290 gendo
335 3214 558 3295 tractandoque
577 3211 706 3272 reddere
720 3233 751 3272 se
765 3214 804 3272 iis
821 3214 882 3272 oris
897 3224 929 3271 et
946 3209 1050 3270 vultus
1063 3208 1268 3268 lineamenta.

257 3310 337 3368 Tum
356 3315 499 3394 concepit
517 3314 623 3372 animo
642 3310 843 3393 magnificam
863 3309 951 3370 illam
969 3305 1088 3367 molem
1105 3303 1270 3380 AEneidos,

217 3394 304 3477 cujus
320 3401 487 3461 consilium
504 3405 612 3484 paucis
629 3401 786 3462 delineare
802 3399 1056 3482 operaepretium
1073 3407 1127 3454 cst.
1146 3394 1208 3451 Vix
1222 3411 1270 3450 re·

217 3489 377 3567 quieverat
392 3491 533 3552 Romana
552 3509 599 3552 res
619 3491 658 3552 ab
675 3490 729 3551 illa
744 3491 915 3572 jactatione
931 3486 1087 3548 bellorum
1111 3482 1269 3556 civilium,

218 3576 332 3657 quihus
344 3599 362 3637 a
373 3580 465 3639 Marii
478 3580 630 3663 Syllaeque
644 3582 837 3664 temporibus
850 3579 889 3639 ad
904 3580 1059 3637 Actiacam
1074 3591 1173 3652 usque
1187 3591 1269 3652 pug-

216 3683 292 3723 nam
305 3685 473 3742 concussa,
486 3670 579 3729 toties
591 3672 626 3728 in
640 3673 764 3730 ruinam
778 3669 991 3729 inclinaverat.
1006 3665 1077 3723 Sine
1092 3659 1184 3719 rivali
1199 3660 1269 3740 qui-

217 3754 290 3812 dem
307 3755 476 3834 Augustus,
495 3769 527 3815 at
542 3779 608 3817 non
623 3759 689 3818 sine
706 3757 840 3832 invidia,
860 3775 964 3814 rerum
980 3749 1181 3834 potiebatur:
1201 3768 1268 3806 non

214 3839 279 3921 jam
290 3840 404 3922 praeliis
417 3842 593 3923 petebatur,
608 3845 659 3906 sed
671 3845 806 3918 insidiis3
820 3841 1024 3923 erumpebant
1035 3857 1115 3918 saepe
1124 3831 1269 3920 conjura·

216 3933 320 3992 tiones
332 3933 365 3989 in
380 3944 473 4011 caput
485 3935 649 4015 principis3
661 3936 829 4016 jacensque
838 3931 903 4013 jam
915 3945 946 3991 et
957 3928 1111 3991 emoriens
1123 3928 1267 3985 Romana

216 4021 360 4096 libertas,
382 4019 480 4079 instar
498 4021 628 4082 valentis
647 4026 803 4104 corporis,
825 4025 916 4084 etiam
935 4023 967 4079 in
990 4031 1127 4078 extremo
1152 4014 1265 4096 spiritu
