2726 4592
99 291 105 298 -
202 244 264 318 300
373 253 407 318 P.
431 251 662 326 VtRGILII
685 252 916 324 MARONIS
939 251 1057 320 VITA

622 367 804 498 U.C.710.

395 605 398 611 ,
434 567 466 632 C.
480 566 582 634 Julius
596 566 698 664 Cesar
712 567 759 630 V:
775 566 819 630 M.
835 569 998 658 Antonius.

488 673 529 735 A.
545 673 578 737 c.
596 675 645 754 44.
663 672 939 761 roysino-27.

1336 772 1344 810 i

238 833 343 895 Idibus
362 837 480 896 Martiis
505 839 605 898 Caesar
623 835 781 896 occiditur.
804 837 897 896 Varia
918 849 991 918 post
1016 833 1080 917 ejus
1101 847 1231 896 mortem
1343 889 1344 904 .

196 924 355 1006 prodigia,
373 948 401 985 r.
416 929 476 988 Dio
488 929 578 1001 XLV,
604 947 648 1007 17,
663 927 804 1006 inprimis
819 925 869 986 Sol
885 937 952 986 toto
968 946 1050 985 anno
1068 925 1233 1007 pallidior;

80 1073 85 1092 ⁸
199 1031 228 1070 v.
254 1012 328 1073 ibid.
351 1029 381 1076 et
402 1014 558 1078 Plutarch.
583 1017 656 1073 Caes.
679 1026 753 1072 extr.
776 1017 820 1074 Ea
841 1029 1066 1074 commemorat
1086 1015 1234 1096 Virgilius

113 1175 115 1182 y
176 1177 178 1181 Ι
199 1100 311 1182 Georg.
322 1105 350 1178 l,
361 1103 435 1180 466,
447 1127 528 1187 sqq.,
541 1102 595 1163 ubi
609 1103 650 1161 cf.
665 1116 728 1161 not.
740 1103 900 1177 Octavius,
913 1117 1098 1163 testamento
1106 1104 1234 1163 Caesaris

199 1209 234 1250 ex
243 1189 393 1254 dodrante
403 1193 498 1254 haeres
508 1195 674 1265 institutus,
685 1193 753 1252 etin
763 1191 915 1253 familiam
925 1193 1050 1254 Caesaris
1059 1211 1234 1272 nomenque

173 1331 174 1336 ,
200 1278 379 1361 adoptatus,
395 1284 559 1364 Apollonia
571 1285 700 1342 Romam
714 1280 820 1356 rediit;
835 1303 931 1362 quum
945 1297 1047 1342 autem
1062 1283 1235 1340 Antonium

198 1368 386 1448 iniquiorem
413 1375 445 1432 in
467 1393 497 1431 se
520 1392 583 1434 esse
606 1370 745 1445 videret,
766 1371 976 1452 Optimatibus
999 1392 1061 1432 sese
1083 1370 1235 1450 adj-unxit.

197 1456 385 1538 Apollonia,
398 1483 466 1543 quae
479 1463 565 1542 Epiri
585 1459 659 1520 urbs
673 1472 733 1535 est,
747 1482 764 1518 a
778 1461 897 1521 Caesare
914 1461 950 1520 ad
969 1459 1099 1520 Parthos
1116 1458 1234 1540 profer·
1344 1513 1345 1516 ,

198 1558 268 1696 {pro
293 1552 486 1629 praemissus,
508 1550 701 1624 substiterat,
724 1548 894 1631 studiisque
908 1561 1086 1610 ‘vacaverat
1108 1550 1232 1610 Sueton.

230 1647 309 1695 ctav.
322 1659 347 1696 c.
363 1638 391 1702 8.

623 1738 663 1800 U.
678 1739 805 1824 C.7rr.

472 1891 505 1956 C.
522 1892 631 1955 Vibius
646 1891 768 1956 Pansa:
781 1893 822 1955 A.
836 1851 969 1956 Hirtius.

192 1989 194 1994 ’
309 1994 343 2060 C.
355 1995 459 2061 Julius
472 1998 574 2064 Coesar
588 1998 794 2062 Octavianus:
808 1999 843 2087 Q.
858 1998 971 2063 Pedius
986 1997 1120 2090 suffecti.

488 2105 529 2166 A.
546 2103 579 2168 C.
596 2104 646 2185 43.
664 2103 697 2166 V
694 2103 790 2192 irqilii
802 2104 940 2193 27-28.

238 2267 342 2328 Habiti
354 2271 387 2329 in
397 2268 471 2329 lulii
485 2269 610 2330 Caesaris
622 2268 773 2328 honorem
786 2269 867 2343 ludi,
880 2270 911 2327 in
927 2267 1234 2328 dedicandoVeneris

197 2355 500 2440 Genitricistemp103
513 2380 567 2419 nec
579 2373 682 2418 tamen
695 2371 765 2418 ante
777 2358 913 2417 medium
925 2359 1123 2430 ianuarium,
1135 2377 1233 2437 quum

198 2443 248 2502 Sol
261 2442 294 2506 in
311 2447 502 2526 Capricorno
518 2458 615 2508 esset:
637 2445 721 2526 quod
737 2447 820 2504 idem
841 2447 966 2526 signum
985 2442 1086 2502 natale
1105 2443 1235 2523 Augusti

200 2543 265 2590 erat
281 2532 320 2592 cl.
335 2533 370 2593 dc
380 2537 502 2594 Moiran
515 2536 548 2593 in
563 2535 660 2614 Epist.
681 2533 720 2592 ad
737 2535 824 2592 Com.
839 2532 874 2592 de
886 2529 992 2612 Caylus
1006 2551 1098 2611 super
1112 2549 1233 2609 gemma

198 2640 269 2678 cum
281 2619 458 2704 horoscopo
467 2625 610 2704 Augusti:
624 2625 658 2681 in
671 2623 786 2703 Opusc.
800 2617 841 2680 ,ln
856 2619 906 2679 his
923 2619 1004 2680 ludis
1016 2619 1104 2678 stella
1123 2620 1235 2678 crinita

199 2710 346 2790 apparuit
362 2731 368 2766 :
384 2710 448 2771 Ecl.
465 2712 524 2786 lX,
538 2709 594 2792 47,
608 2714 685 2774 Ecce
702 2712 819 2770 Dionoei
831 2711 965 2791 processit
978 2709 1098 2767 Coesuris
1108 2720 1233 2782 astrum,

199 2794 254 2853 ubi
267 2795 336 2858 vide
350 2809 454 2872 notas3
466 2797 536 2859 Vol.
552 2800 579 2869 1,
594 2819 664 2880 pag.
682 2819 750 2878 1993
765 2811 796 2857 et
809 2796 879 2856 Vol.
891 2799 928 2870 V,
941 2816 1011 2876 pag.
1027 2797 1094 2876 3²7·

238 2882 358 2943 Bellum
370 2886 559 2959 Mutinense,
576 2907 655 2966 quo,
669 2906 740 2944 cum
761 2898 858 2944 totam
876 2881 1012 2942 Galliam
1027 2880 1234 2962 Cisalpinam,

197 2983 265 3030 tum
277 2994 385 3054 agrum
395 2973 603 3033 Mantuanum
613 3019 621 3048 ,
633 2974 773 3054 adeoque
785 2971 908 3052 Virgilii
920 2966 1131 3055 possessiones
1145 2966 1234 3027 valde

199 3058 328 3120 sillictus
340 3061 434 3122 fuisse
450 3081 575 3121 necesse
587 3075 639 3124 est.
654 3061 700 3120 Ad
712 3059 779 3120 haec
794 3071 933 3142 tempora
950 3058 1099 3139 respicere
1113 3055 1236 3114 videtur

198 3149 289 3208 Silius
300 3149 369 3208 Vlll
377 3195 385 3224 ,
394 3152 465 3230 589,
478 3153 508 3213 V
506 3171 536 3210 os
545 3151 642 3222 etium,
653 3151 754 3209 accisae
763 3144 953 3227 desolataeque
960 3147 1084 3210 virontm
1089 3188 1099 3216 ,
1109 3141 1235 3202 Eridani

198 3249 304 3316 pentes.
316 3237 360 3294 Ex
373 3237 477 3298 VKal.
492 3234 654 3298 Decembr.
666 3237 709 3298 M.
723 3234 874 3318 Lepidus,
887 3236 929 3294 M.
942 3234 1110 3308 Antonius,
1122 3231 1155 3289 C.
1171 3232 1234 3290 Cae·

199 3343 250 3382 sar
265 3323 467 3401 Octavianus,
487 3326 680 3386 Triumviros
701 3326 778 3412 reip.
802 3320 1027 3386 constituendae
1040 3322 1074 3378 in
1095 3321 1233 3400 quinque

200 3431 298 3471 annos
314 3432 345 3471 sc
360 3417 556 3490 renuntiant,
573 3415 820 3502 proscriptorum
837 3409 960 3471 tabulas
975 3419 1172 3495 proponunt,
1188 3409 1234 3466 iu·

199 3511 246 3558 ter
255 3519 333 3580 quos
347 3519 374 3557 a.
388 3493 417 3558 d.
433 3501 489 3560 Vll
503 3503 547 3562 ld.
563 3505 634 3562 Dec.
651 3503 759 3562 Cicero
774 3500 937 3559 occiditur.

236 3587 274 3644 In
288 3589 518 3668 provinciarum
535 3591 766 3665 distributione,
788 3610 886 3678 quum
905 3587 1056 3661 Africam,
1079 3583 1233 3659 Siciliam,

199 3673 371 3734 Sardiniam
385 3677 579 3760 reliquasque
592 3679 656 3760 ejus
669 3683 761 3740 maris
780 3676 896 3737 insulas
912 3679 1013 3736 Caesar
1026 3677 1230 3747 Octavianus,

199 3762 366 3842 Hispanias
383 3783 454 3821 cum
470 3765 572 3826 Gallia
586 3767 776 3827 Narbonensi
795 3762 945 3846 Lepidus,
964 3761 1096 3842 reliquas
1115 3757 1231 3820 Gallias

199 3850 352 3908 Antonius
369 3849 567 3930 obtinuisset,
583 3855 645 3913 vid.
665 3857 796 3937 Appian.
815 3851 904 3911 Civil.
920 3851 973 3927 lV,
989 3872 1057 3932 pag.
1079 3851 1147 3929 953.
1162 3845 1231 3924 954,

199 3961 272 4022 ager
286 3939 474 4003 Mantuanus
493 3946 537 4010 M.
555 3948 683 4006 Antonii
703 3947 779 4008 sorti
800 3958 979 4006 accesserat.
993 3944 1118 4003 Miserat
1131 3939 1184 4000 hic
1199 3939 1231 3998 in
