2704 4582
253 337 314 420 „3
574 317 956 384 couuuurarra

247 475 283 524 ut
291 457 453 526 militares,
465 457 586 509 tantum
595 444 765 526 plangunt:
780 440 920 516 feminae,
934 441 1106 522 quaesunus
1116 447 1317 529 excipiunt,

246 553 396 613 clamores
421 538 586 610 attollunt,
612 546 642 594 et
660 532 771 592 urbem
791 531 973 592 incendunt.
1000 534 1077 612 Quae
1097 533 1167 597 baec
1190 558 1317 600 rerum

246 633 357 698 facies?

289 733 354 809 148.
369 725 454 806 Quid
467 725 492 784 si
506 717 679 782 consideres
692 715 894 776 Evandrum?
906 731 972 777 erat
985 739 1053 796 rex,
1067 732 1097 780 et
1108 741 1211 781 senex
1224 746 1233 782 :
1253 725 1315 785 sed

246 837 312 884 erat
325 821 418 880 etiam
432 827 534 897 pater:
550 811 654 889 itaque
670 826 727 866 nec
740 807 822 886 regia
835 809 993 883 severitas,
1011 830 1068 868 nec
1084 826 1237 871 senectus
1258 816 1316 874 in-

245 909 349 973 valida
363 919 481 989 patrem
497 898 671 960 retardant:
690 896 753 954 ruit
769 897 804 954 in
819 895 939 956 medios
953 895 1101 974 ordines,
1125 921 1163 959 ac
1190 906 1314 964 statim

245 1002 312 1060 viso
324 1017 410 1077 rege,
424 993 533 1062 funus,
548 986 632 1068 quod
646 982 845 1066 procedebat,
863 985 1017 1044 substitit:
1039 988 1144 1067 itaque
1157 987 1217 1047 ille
1234 1012 1313 1070 pro.

245 1087 437 1165 cubuitsuper
446 1075 596 1149 Pallanta,
607 1075 727 1155 reposito
728 1073 853 1154 stereon,
865 1072 897 1131 id
908 1085 968 1148 est,
978 1073 1178 1152 subsistente,
1192 1097 1313 1158 neque

244 1172 429 1260 procedente
445 1167 571 1226 funere:
588 1175 623 1222 ut
637 1159 817 1243 procubuit,
831 1159 921 1220 bsesit
933 1163 967 1220 in
982 1161 1070 1221 vultu
1084 1164 1168 1236 nati;
1186 1161 1237 1222 ibi
1258 1165 1311 1224 la-

245 1282 372 1345 crymae,
391 1257 435 1317 ibi
451 1255 602 1336 gemitus:
624 1251 733 1310 omnia
749 1269 785 1307 ex
805 1269 920 1329 magno
940 1247 1070 1308 decoro:
1099 1263 1196 1330 poeta
1216 1252 1310 1312 alius

243 1353 326 1414 banc
334 1360 442 1410 nactus
455 1344 664 1412 occasionem,
680 1336 756 1419 quid
771 1357 837 1396 non
848 1336 985 1396 fureret?
998 1335 1159 1396 induceret
1169 1351 1310 1419 patrem

243 1446 429 1506 lacerantem
440 1455 560 1507 comas3
573 1441 750 1512 turpantem
759 1427 886 1501 faciem3
900 1427 1067 1487 foedantem
1078 1449 1193 1508 genas;
1209 1451 1310 1491 exos·

244 1535 403 1595 culantem
419 1527 553 1586 formam
568 1521 685 1581 biantis
697 1517 852 1576 vulneris:
871 1539 937 1577 non
952 1519 995 1577 ita
1011 1515 1063 1577 hic
1078 1531 1180 1578 vates:
1204 1535 1310 1600 pater

244 1636 273 1681 et
285 1642 337 1680 rex
349 1629 430 1678 erat:
447 1617 480 1673 in
492 1624 580 1694 patre
592 1620 666 1669 sunt
676 1607 821 1688 lacrymae
833 1619 864 1666 et
874 1606 1026 1688 gemitus:
1045 1606 1080 1664 in
1090 1625 1163 1687 rege
1181 1607 1307 1690 majes.

243 1727 289 1771 tas
301 1723 331 1770 et
342 1709 500 1767 decorum.

288 1809 352 1867 151.
366 1803 515 1884 Egregius
528 1817 648 1870 versus,
662 1809 692 1854 et
704 1797 806 1856 nescio
819 1815 858 1852 an
872 1795 947 1852 satis
960 1813 1109 1874 expensus
1121 1815 1129 1850 ε
1141 1793 1225 1853 solet
1240 1795 1306 1856 do-

244 1895 294 1954 lor
306 1913 414 1952 vocem
428 1883 650 1957 intercludere3
664 1881 717 1942 sed
732 1885 777 1942 ita
789 1883 882 1940 etiam
896 1901 959 1940 csse
970 1900 1102 1960 magnus
1115 1893 1243 1961 potest,
1265 1899 1307 1944 ut

244 1993 335 2062 cogat
349 1977 390 2038 ad
404 1971 613 2055 loquendum,
635 1983 665 2029 et
682 1990 791 2030 vocem
810 1967 909 2028 laxet:
931 1981 1100 2028 extremum
1119 1966 1182 2027 hoc
1200 1985 1307 2050 poeta

244 2069 362 2140 voluit;
377 2077 468 2143 atque
478 2062 522 2119 ita
534 2055 792 2118 indicaturfuisse
805 2054 897 2114 dolor
908 2051 1078 2114 admodum
1091 2053 1215 2114 vividus
1229 2079 1237 2114 :
1257 2059 1308 2118 ita

244 2159 322 2220 solet
336 2158 382 2216 ira
394 2171 503 2212 vocem
515 2146 681 2230 impedire3
698 2147 775 2204 acris
785 2158 889 2204 tamen
901 2157 931 2203 et
942 2163 1063 2202 summa
1072 2143 1159 2202 illam
1170 2149 1303 2226 aperit:

244 2260 274 2307 et
288 2244 348 2308 hoc
364 2236 534 2321 aliquando
550 2238 650 2295 visum
664 2235 698 2292 in
713 2231 841 2292 homine
855 2243 958 2304 muto,
976 2232 1026 2289 cui
1040 2251 1206 2312 nunquam
1219 2249 1305 2296 ante

243 2338 349 2397 locuto
363 2334 417 2396 ‚ira
438 2329 540 2390 subita
561 2339 591 2386 et
611 2322 776 2385 vehemens
796 2341 904 2382 vocem
924 2319 1027 2396 dedit,
1053 2334 1147 2402 atque
1168 2329 1305 2404 aperuit

245 2448 280 2486 or
302 2446 371 2484 ana.

281 2449 351 2578 iba.
362 2518 468 2575 Prima
476 2509 542 2572 baec
553 2503 747 2570 dicta'mdrd
757 2513 920 2587 σιωπώμενον
933 2530 940 2566 :
954 2506 1069 2567 nullibi
1080 2508 1164 2566 enim
1176 2507 1303 2589 legitur

244 2608 277 2666 id
292 2606 393 2664 Pallas
407 2601 582 2684 promisisse
596 2600 695 2679 patri3
714 2597 767 2656 sed
783 2595 927 2655 credibile
941 2596 979 2656 ad
994 2598 1074 2655 senis
1088 2597 1239 2675 consilia,
1263 2613 1302 2660 ut

244 2707 333 2754 caute
346 2714 377 2752 se
389 2702 522 2772 gereret,
537 2709 638 2767 neque
651 2687 751 2746 audax
761 2689 794 2745 in
804 2685 888 2744 bello
900 2699 993 2760 esset,
1005 2685 1154 2766 juvenem
1163 2708 1303 2768 respon-

244 2783 324 2843 disse
343 2801 415 2840 cum
433 2776 651 2837 blandimento
673 2773 780 2857 aliquo
805 2776 886 2855 patri
907 2777 1146 2835 assentientem:
1170 2781 1301 2860 egregie

245 2891 319 2950 ergo
333 2868 411 2928 vidit
424 2877 532 2947 poeta,
547 2877 582 2922 ut
596 2865 652 2922 ista
667 2869 817 2942 σιωπώμενα
830 2875 946 2921 essent:
960 2861 1067 2921 fuisset
1081 2863 1165 2920 enim
1180 2878 1301 2944 praeter

232 2960 392 3020 decorum
406 2953 532 3016 fervidae
548 2952 777 3026 adolescentie,
792 2963 827 3009 ut
838 2949 938 3009 Pallas
953 2949 985 3008 id
998 2949 1131 3010 diceret:
1148 2953 1236 3032 quod
1253 2968 1300 3015 ta-

244 3069 316 3106 men
329 3066 412 3122 nunc
430 3045 462 3102 iu
476 3063 529 3102 ore
541 3042 637 3122 patris
650 3039 816 3119 indignum
829 3059 896 3098 non
910 3050 965 3098 est.
979 3038 1017 3098 ln
1033 3040 1186 3100 attributo
1198 3063 1298 3118 soeuo,

243 3135 318 3194 latet
329 3133 428 3193 ratio:
445 3129 533 3190 crede
548 3141 577 3186 te
591 3139 678 3186 caute
689 3127 800 3200 Marti,
816 3128 889 3207 quia
903 3147 1008 3186 saevus.

240 3229 245 3238 '
287 3226 352 3302 154.
368 3226 509 3299 Pendeat
524 3245 542 3283 a
556 3223 784 3304 superioribus:
803 3224 1018 3304 promisistite
1032 3220 1099 3282 fore
1113 3237 1243 3285 cautum
1259 3229 1299 3288 in
1348 3249 1349 3254 ¹

244 3313 344 3376 bello:
356 3314 407 3373 sed
418 3335 474 3396 ego
486 3334 540 3372 cur
550 3310 680 3385 credidi,
691 3313 745 3392 qui
755 3311 888 3369 sciebam
899 3312 1122 3392 experimento,
1135 3327 1297 3392 quantum

244 3416 346 3485 posset
365 3405 466 3483 prima
485 3402 539 3461 illa
557 3414 588 3460 et
605 3420 688 3459 nova
708 3420 867 3458 armorum
886 3401 1003 3481 gloria3
1023 3398 1113 3458 dulce
1131 3400 1211 3460 illud
1230 3413 1296 3462 ceri

243 3488 333 3548 tandi
346 3489 453 3563 decus,
468 3491 565 3547 immo
582 3487 702 3546 dulcius
715 3487 805 3545 rebus
820 3485 986 3546 omnibus?
999 3485 1069 3544 ideo
1080 3485 1241 3567 praedulce,
1257 3511 1294 3550 ac

243 3575 376 3656 proinde
388 3574 473 3654 (haec
488 3588 531 3633 est
544 3576 628 3634 enim
645 3594 731 3633 meus
749 3575 849 3652 senis)
862 3575 895 3632 in
913 3595 962 3634 me
978 3573 1069 3654 culpa
1087 3574 1213 3650 residet,
1236 3578 1293 3656 qui

244 3684 342 3742 quum
353 3661 419 3722 haec
431 3666 553 3737 scirem,
569 3677 598 3722 te
610 3677 716 3722 tamen
731 3664 800 3721 misi
813 3685 819 3720 ε
835 3675 935 3743 potest
947 3664 1041 3722 etiam
1056 3682 1118 3721 esse
1127 3661 1289 3744 praedulce,

244 3752 461 3824 immaturum,
474 3753 561 3832 quasi
573 3765 644 3810 ante
656 3764 777 3834 tempus
788 3751 887 3812 dulce.

287 3840 351 3899 156.
371 3839 529 3921 Significat
546 3841 639 3901 fuisse
655 3843 843 3924 tyrocinium
860 3839 934 3899 belli
952 3839 1199 3901 infelicissimum
1217 3841 1286 3900 Pal·

242 3926 337 4000 lanti3
352 3948 424 3986 nam
438 3929 539 4007 primo
551 3927 637 3988 bello
653 3933 754 3989 statim
766 3942 891 4010 raptus:
906 3929 995 4005 ideo,
1009 3930 1120 3989 misene
1129 3932 1283 4010 primitias,

237 4015 398 4080 rudimenta
414 4015 506 4078 dura!
524 4019 666 4098 Sequitur
684 4021 763 4080 ratio
783 4031 877 4080 tantae
893 4019 1092 4095 calamitatis,
1118 4021 1192 4101 quia
1208 4012 1283 4080 naui
