<?xml version="1.0" encoding="UTF-8"?>
<!DOCTYPE html PUBLIC "-//W3C//DTD XHTML 1.0 Transitional//EN"
    "http://www.w3.org/TR/xhtml1/DTD/xhtml1-transitional.dtd">
<html xmlns="http://www.w3.org/1999/xhtml" xml:lang="en" lang="en">
 <head>
  <title>
</title>
<meta http-equiv="Content-Type" content="text/html;charset=utf-8" />
  <meta name='ocr-system' content='tesseract 3.04.00' />
  <meta name='ocr-capabilities' content='ocr_page ocr_carea ocr_par ocr_line ocrx_word'/>
</head>
<body>
  <div class='ocr_page' id='page_1' title='image "./pvirgiliusmaroq06barbgoog_0293.png"; bbox 0 0 2726 4592; ppageno 0'>
   <div class='ocr_carea' id='block_1_1' title="bbox 231 309 928 379">
    <p class='ocr_par' dir='ltr' id='par_1_1' title="bbox 231 309 928 379">
     <span class='ocr_line' id='line_1_1' title="bbox 231 309 928 379; baseline 0.013 -9"><span class='ocrx_word' id='word_1_1' title='bbox 231 309 349 372; x_wconf 87' lang='lat' dir='ltr'>VITA</span> <span class='ocrx_word' id='word_1_2' title='bbox 373 311 407 372; x_wconf 89' lang='lat' dir='ltr'>P.</span> <span class='ocrx_word' id='word_1_3' title='bbox 432 309 664 372; x_wconf 86' lang='lat' dir='ltr'>VIRGILII</span> <span class='ocrx_word' id='word_1_4' title='bbox 687 311 928 379; x_wconf 79' lang='lat' dir='ltr'>MARONIS.</span> 
     </span>
    </p>
   </div>
   <div class='ocr_carea' id='block_1_2' title="bbox 1035 335 1096 403">
    <p class='ocr_par' dir='ltr' id='par_1_2' title="bbox 1035 335 1096 403">
     <span class='ocr_line' id='line_1_2' title="bbox 1035 335 1096 403; baseline -0.016 0"><span class='ocrx_word' id='word_1_5' title='bbox 1035 335 1096 403; x_wconf 83' lang='lat'>277</span> 
     </span>
    </p>
   </div>
   <div class='ocr_carea' id='block_1_3' title="bbox 7 429 1169 1224">
    <p class='ocr_par' dir='ltr' id='par_1_3' title="bbox 7 429 1169 1224">
     <span class='ocr_line' id='line_1_3' title="bbox 57 429 1166 518; baseline 0.012 -34"><span class='ocrx_word' id='word_1_6' title='bbox 57 429 187 508; x_wconf 85' lang='lat' dir='ltr'>accepit.</span> <span class='ocrx_word' id='word_1_7' title='bbox 207 431 309 510; x_wconf 89' lang='lat' dir='ltr'>Hujus</span> <span class='ocrx_word' id='word_1_8' title='bbox 331 430 482 490; x_wconf 90' lang='lat' dir='ltr'>Pollionis</span> <span class='ocrx_word' id='word_1_9' title='bbox 506 430 621 506; x_wconf 88' lang='lat' dir='ltr'>filium,</span> <span class='ocrx_word' id='word_1_10' title='bbox 642 431 674 490; x_wconf 89' lang='lat' dir='ltr'>C.</span> <span class='ocrx_word' id='word_1_11' title='bbox 695 434 854 509; x_wconf 85' lang='lat' dir='ltr'>Asinium,</span> <span class='ocrx_word' id='word_1_12' title='bbox 872 447 902 494; x_wconf 90' lang='lat' dir='ltr'>et</span> <span class='ocrx_word' id='word_1_13' title='bbox 916 435 1096 518; x_wconf 81' lang='lat' dir='ltr'>Cornelium</span> <span class='ocrx_word' id='word_1_14' title='bbox 1133 445 1166 497; x_wconf 79' lang='lat' dir='ltr'>3ss</span> 
     </span>
     <span class='ocr_line' id='line_1_4' title="bbox 58 513 1099 602; baseline 0.012 -31"><span class='ocrx_word' id='word_1_15' title='bbox 58 513 199 592; x_wconf 87' lang='lat' dir='ltr'>Gallum,</span> <span class='ocrx_word' id='word_1_16' title='bbox 213 533 370 580; x_wconf 86' lang='lat' dir='ltr'>oratorem</span> <span class='ocrx_word' id='word_1_17' title='bbox 384 519 517 595; x_wconf 87' lang='lat' dir='ltr'>clarum,</span> <span class='ocrx_word' id='word_1_18' title='bbox 536 534 565 580; x_wconf 93' lang='lat' dir='ltr'>et</span> <span class='ocrx_word' id='word_1_19' title='bbox 579 534 704 602; x_wconf 87' lang='lat' dir='ltr'>poetam</span> <span class='ocrx_word' id='word_1_20' title='bbox 722 543 786 582; x_wconf 91' lang='lat' dir='ltr'>non</span> <span class='ocrx_word' id='word_1_21' title='bbox 804 524 1005 598; x_wconf 81' lang='lat' dir='ltr'>mediocrem,</span> <span class='ocrx_word' id='word_1_22' title='bbox 1019 528 1099 585; x_wconf 88' lang='lat' dir='ltr'>miro</span> 
     </span>
     <span class='ocr_line' id='line_1_5' title="bbox 58 609 1100 693; baseline 0.012 -32"><span class='ocrx_word' id='word_1_23' title='bbox 58 624 162 666; x_wconf 88' lang='lat' dir='ltr'>amore</span> <span class='ocrx_word' id='word_1_24' title='bbox 178 609 287 670; x_wconf 84' lang='lat' dir='ltr'>dilexit</span> <span class='ocrx_word' id='word_1_25' title='bbox 307 611 464 690; x_wconf 81' lang='lat' dir='ltr'><strong>Virgilius.</strong></span> <span class='ocrx_word' id='word_1_26' title='bbox 484 611 513 669; x_wconf 91' lang='lat' dir='ltr'>ls</span> <span class='ocrx_word' id='word_1_27' title='bbox 526 611 695 682; x_wconf 80' lang='lat' dir='ltr'>transtulrt</span> <span class='ocrx_word' id='word_1_28' title='bbox 714 611 949 693; x_wconf 75' lang='lat' dir='ltr'>Euphorionem</span> <span class='ocrx_word' id='word_1_29' title='bbox 965 617 999 673; x_wconf 90' lang='lat' dir='ltr'>in</span> <span class='ocrx_word' id='word_1_30' title='bbox 1020 617 1100 673; x_wconf 87' lang='lat' dir='ltr'>Lati-</span> 
     </span>
     <span class='ocr_line' id='line_1_6' title="bbox 7 700 1099 786; baseline 0.012 -36"><span class='ocrx_word' id='word_1_31' title='bbox 7 711 9 716; x_wconf 92' lang='lat'>·</span> <span class='ocrx_word' id='word_1_32' title='bbox 58 713 149 770; x_wconf 90' lang='lat' dir='ltr'>num,</span> <span class='ocrx_word' id='word_1_33' title='bbox 169 711 200 757; x_wconf 90' lang='lat' dir='ltr'>et</span> <span class='ocrx_word' id='word_1_34' title='bbox 221 700 309 759; x_wconf 89' lang='lat' dir='ltr'>libris</span> <span class='ocrx_word' id='word_1_35' title='bbox 330 715 467 782; x_wconf 88' lang='lat' dir='ltr'>quatuor</span> <span class='ocrx_word' id='word_1_36' title='bbox 484 721 606 760; x_wconf 88' lang='lat' dir='ltr'>amores</span> <span class='ocrx_word' id='word_1_37' title='bbox 628 721 701 760; x_wconf 89' lang='lat' dir='ltr'>suos</span> <span class='ocrx_word' id='word_1_38' title='bbox 723 700 761 759; x_wconf 91' lang='lat' dir='ltr'>de</span> <span class='ocrx_word' id='word_1_39' title='bbox 781 702 947 784; x_wconf 80' lang='lat' dir='ltr'>Cytheride</span> <span class='ocrx_word' id='word_1_40' title='bbox 966 706 1099 786; x_wconf 87' lang='lat' dir='ltr'>scripsit.</span> 
     </span>
     <span class='ocr_line' id='line_1_7' title="bbox 58 782 1169 874; baseline 0.005 -30"><span class='ocrx_word' id='word_1_41' title='bbox 58 783 117 844; x_wconf 87' lang='lat' dir='ltr'>Hic</span> <span class='ocrx_word' id='word_1_42' title='bbox 130 789 236 866; x_wconf 85' lang='lat' dir='ltr'>primo</span> <span class='ocrx_word' id='word_1_43' title='bbox 247 792 280 848; x_wconf 92' lang='lat' dir='ltr'>in</span> <span class='ocrx_word' id='word_1_44' title='bbox 296 791 431 850; x_wconf 89' lang='lat' dir='ltr'>amicitia</span> <span class='ocrx_word' id='word_1_45' title='bbox 444 791 571 850; x_wconf 78' lang='lat' dir='ltr'>Caesaris</span> <span class='ocrx_word' id='word_1_46' title='bbox 583 792 714 870; x_wconf 82' lang='lat' dir='ltr'>Augusti</span> <span class='ocrx_word' id='word_1_47' title='bbox 727 789 789 848; x_wconf 86' lang='lat' dir='ltr'>fuit</span> <span class='ocrx_word' id='word_1_48' title='bbox 802 813 809 848; x_wconf 78' lang='grc' dir='ltr'><strong>ι</strong></span> <span class='ocrx_word' id='word_1_49' title='bbox 824 807 945 872; x_wconf 87' lang='lat' dir='ltr'>postea,</span> <span class='ocrx_word' id='word_1_50' title='bbox 958 795 989 851; x_wconf 92' lang='lat' dir='ltr'>in</span> <span class='ocrx_word' id='word_1_51' title='bbox 1005 794 1102 874; x_wconf 89' lang='lat' dir='ltr'>suspi-</span> <span class='ocrx_word' id='word_1_52' title='bbox 1135 782 1169 850; x_wconf 85' lang='lat'>39</span> 
     </span>
     <span class='ocr_line' id='line_1_8' title="bbox 60 870 1102 956; baseline 0.01 -29"><span class='ocrx_word' id='word_1_53' title='bbox 60 870 183 932; x_wconf 87' lang='lat' dir='ltr'>cionem</span> <span class='ocrx_word' id='word_1_54' title='bbox 197 875 422 956; x_wconf 84' lang='lat' dir='ltr'>conjurationis</span> <span class='ocrx_word' id='word_1_55' title='bbox 437 893 542 938; x_wconf 87' lang='lat' dir='ltr'>contra</span> <span class='ocrx_word' id='word_1_56' title='bbox 562 876 651 936; x_wconf 90' lang='lat' dir='ltr'>illum</span> <span class='ocrx_word' id='word_1_57' title='bbox 667 877 832 953; x_wconf 88' lang='lat' dir='ltr'>adductus,</span> <span class='ocrx_word' id='word_1_58' title='bbox 848 881 964 939; x_wconf 89' lang='lat' dir='ltr'>occisus</span> <span class='ocrx_word' id='word_1_59' title='bbox 977 895 1019 940; x_wconf 90' lang='lat' dir='ltr'>est</span> <span class='ocrx_word' id='word_1_60' title='bbox 1032 902 1039 937; x_wconf 89' lang='lat'>:</span> <span class='ocrx_word' id='word_1_61' title='bbox 1054 900 1102 937; x_wconf 87' lang='lat' dir='ltr'>ve-</span> 
     </span>
     <span class='ocr_line' id='line_1_9' title="bbox 7 963 1102 1048; baseline 0.007 -32"><span class='ocrx_word' id='word_1_62' title='bbox 7 1001 8 1004; x_wconf 23' lang='lat'><em>*</em></span> <span class='ocrx_word' id='word_1_63' title='bbox 61 977 130 1016; x_wconf 90' lang='lat' dir='ltr'>rum</span> <span class='ocrx_word' id='word_1_64' title='bbox 146 971 247 1044; x_wconf 87' lang='lat' dir='ltr'>usque</span> <span class='ocrx_word' id='word_1_65' title='bbox 264 963 342 1024; x_wconf 90' lang='lat' dir='ltr'>adeo</span> <span class='ocrx_word' id='word_1_66' title='bbox 364 964 448 1025; x_wconf 91' lang='lat' dir='ltr'>hunc</span> <span class='ocrx_word' id='word_1_67' title='bbox 466 963 594 1026; x_wconf 89' lang='lat' dir='ltr'>Gallum</span> <span class='ocrx_word' id='word_1_68' title='bbox 608 966 758 1046; x_wconf 80' lang='lat' dir='ltr'>Virgilius</span> <span class='ocrx_word' id='word_1_69' title='bbox 772 982 905 1043; x_wconf 85' lang='lat' dir='ltr'>amarat,</span> <span class='ocrx_word' id='word_1_70' title='bbox 920 981 955 1026; x_wconf 93' lang='lat' dir='ltr'>ut</span> <span class='ocrx_word' id='word_1_71' title='bbox 973 981 1102 1048; x_wconf 90' lang='lat' dir='ltr'>quartus</span> 
     </span>
     <span class='ocr_line' id='line_1_10' title="bbox 59 1045 1103 1135; baseline 0.008 -32"><span class='ocrx_word' id='word_1_72' title='bbox 59 1045 300 1129; x_wconf 77' lang='lat' dir='ltr'>Georgicorum,</span> <span class='ocrx_word' id='word_1_73' title='bbox 316 1074 334 1112; x_wconf 92' lang='lat' dir='ltr'>a</span> <span class='ocrx_word' id='word_1_74' title='bbox 347 1053 452 1114; x_wconf 88' lang='lat' dir='ltr'>medio</span> <span class='ocrx_word' id='word_1_75' title='bbox 469 1053 617 1135; x_wconf 88' lang='lat' dir='ltr'>usquead</span> <span class='ocrx_word' id='word_1_76' title='bbox 632 1054 726 1114; x_wconf 86' lang='lat' dir='ltr'>finem</span> <span class='ocrx_word' id='word_1_77' title='bbox 735 1099 743 1130; x_wconf 91' lang='lat'>,</span> <span class='ocrx_word' id='word_1_78' title='bbox 753 1053 818 1135; x_wconf 87' lang='lat' dir='ltr'>ejus</span> <span class='ocrx_word' id='word_1_79' title='bbox 831 1056 954 1116; x_wconf 89' lang='lat' dir='ltr'>laudem</span> <span class='ocrx_word' id='word_1_80' title='bbox 967 1057 1103 1116; x_wconf 90' lang='lat' dir='ltr'>contine-</span> 
     </span>
     <span class='ocr_line' id='line_1_11' title="bbox 58 1143 1104 1224; baseline 0.012 -34"><span class='ocrx_word' id='word_1_81' title='bbox 58 1149 121 1194; x_wconf 91' lang='lat' dir='ltr'>ret:</span> <span class='ocrx_word' id='word_1_82' title='bbox 136 1160 229 1218; x_wconf 89' lang='lat' dir='ltr'>quem</span> <span class='ocrx_word' id='word_1_83' title='bbox 244 1157 365 1222; x_wconf 87' lang='lat' dir='ltr'>postea,</span> <span class='ocrx_word' id='word_1_84' title='bbox 376 1143 505 1222; x_wconf 85' lang='lat' dir='ltr'>jubente</span> <span class='ocrx_word' id='word_1_85' title='bbox 514 1149 669 1224; x_wconf 84' lang='lat' dir='ltr'>Augusto,</span> <span class='ocrx_word' id='word_1_86' title='bbox 687 1148 720 1204; x_wconf 89' lang='lat' dir='ltr'>in</span> <span class='ocrx_word' id='word_1_87' title='bbox 734 1147 854 1205; x_wconf 85' lang='lat' dir='ltr'>Aristaei</span> <span class='ocrx_word' id='word_1_88' title='bbox 866 1144 1007 1206; x_wconf 85' lang='lat' dir='ltr'>fabulam</span> <span class='ocrx_word' id='word_1_89' title='bbox 1024 1165 1104 1204; x_wconf 88' lang='lat' dir='ltr'>com·</span> 
     </span>
    </p>
   </div>
   <div class='ocr_carea' id='block_1_4' title="bbox 62 1230 207 1288">
    <p class='ocr_par' dir='ltr' id='par_1_4' title="bbox 62 1230 207 1288">
     <span class='ocr_line' id='line_1_12' title="bbox 62 1230 207 1288; baseline 0.062 -9"><span class='ocrx_word' id='word_1_90' title='bbox 62 1230 207 1288; x_wconf 85' lang='lat' dir='ltr'>mutavit.</span> 
     </span>
    </p>
   </div>
   <div class='ocr_carea' id='block_1_5' title="bbox 7 1311 1171 1578">
    <p class='ocr_par' dir='ltr' id='par_1_5' title="bbox 7 1311 1171 1578">
     <span class='ocr_line' id='line_1_13' title="bbox 7 1311 1171 1401; baseline 0.006 -30"><span class='ocrx_word' id='word_1_91' title='bbox 7 1311 9 1330; x_wconf 85' lang='lat'><em>&#39;</em></span> <span class='ocrx_word' id='word_1_92' title='bbox 98 1312 151 1372; x_wconf 82' lang='lat' dir='ltr'>xl.</span> <span class='ocrx_word' id='word_1_93' title='bbox 167 1317 319 1399; x_wconf 79' lang='lat' dir='ltr'>Georgica</span> <span class='ocrx_word' id='word_1_94' title='bbox 331 1322 492 1400; x_wconf 90' lang='lat' dir='ltr'>septennio</span> <span class='ocrx_word' id='word_1_95' title='bbox 508 1321 653 1401; x_wconf 84' lang='lat' dir='ltr'>Neapoli,</span> <span class='ocrx_word' id='word_1_96' title='bbox 668 1320 796 1380; x_wconf 87' lang='lat' dir='ltr'>AEneida</span> <span class='ocrx_word' id='word_1_97' title='bbox 809 1320 922 1400; x_wconf 87' lang='lat' dir='ltr'>partim</span> <span class='ocrx_word' id='word_1_98' title='bbox 940 1321 971 1378; x_wconf 90' lang='lat' dir='ltr'>in</span> <span class='ocrx_word' id='word_1_99' title='bbox 986 1319 1100 1392; x_wconf 90' lang='lat' dir='ltr'>Sicilia,</span> <span class='ocrx_word' id='word_1_100' title='bbox 1137 1313 1171 1378; x_wconf 79' lang='grc'>40</span> 
     </span>
     <span class='ocr_line' id='line_1_14' title="bbox 61 1401 1169 1486; baseline 0.009 -31"><span class='ocrx_word' id='word_1_101' title='bbox 61 1401 179 1474; x_wconf 89' lang='lat' dir='ltr'>partim</span> <span class='ocrx_word' id='word_1_102' title='bbox 204 1404 237 1462; x_wconf 91' lang='lat' dir='ltr'>in</span> <span class='ocrx_word' id='word_1_103' title='bbox 258 1406 431 1486; x_wconf 79' lang='lat' dir='ltr'>Campania</span> <span class='ocrx_word' id='word_1_104' title='bbox 450 1406 615 1466; x_wconf 87' lang='lat' dir='ltr'>duodecim</span> <span class='ocrx_word' id='word_1_105' title='bbox 635 1407 767 1466; x_wconf 82' lang='lat' dir='ltr'>coniecit</span> <span class='ocrx_word' id='word_1_106' title='bbox 786 1408 884 1466; x_wconf 88' lang='lat' dir='ltr'>annis.</span> <span class='ocrx_word' id='word_1_107' title='bbox 904 1406 1046 1464; x_wconf 88' lang='lat' dir='ltr'>Bucolica</span> <span class='ocrx_word' id='word_1_108' title='bbox 1069 1425 1105 1462; x_wconf 88' lang='lat' dir='ltr'>eo</span> <span class='ocrx_word' id='word_1_109' title='bbox 1138 1402 1169 1465; x_wconf 82' lang='lat' dir='ltr'>i¹</span> 
     </span>
     <span class='ocr_line' id='line_1_15' title="bbox 62 1493 1102 1578; baseline 0.007 -32"><span class='ocrx_word' id='word_1_110' title='bbox 62 1504 202 1552; x_wconf 81' lang='lat' dir='ltr'>successu</span> <span class='ocrx_word' id='word_1_111' title='bbox 219 1493 333 1570; x_wconf 81' lang='lat' dir='ltr'>edidit,</span> <span class='ocrx_word' id='word_1_112' title='bbox 347 1501 425 1556; x_wconf 89' lang='lat' dir='ltr'>utin</span> <span class='ocrx_word' id='word_1_113' title='bbox 439 1517 671 1578; x_wconf 85' lang='lat' dir='ltr'>scenaquoque</span> <span class='ocrx_word' id='word_1_114' title='bbox 685 1518 740 1578; x_wconf 85' lang='lat' dir='ltr'>per</span> <span class='ocrx_word' id='word_1_115' title='bbox 753 1511 892 1558; x_wconf 87' lang='lat' dir='ltr'>cantores</span> <span class='ocrx_word' id='word_1_116' title='bbox 908 1494 1016 1555; x_wconf 89' lang='lat' dir='ltr'>crebra</span> <span class='ocrx_word' id='word_1_117' title='bbox 1030 1515 1102 1576; x_wconf 87' lang='lat' dir='ltr'>pro·</span> 
     </span>
    </p>
   </div>
   <div class='ocr_carea' id='block_1_6' title="bbox 7 1641 571 3795">
    <p class='ocr_par' dir='ltr' id='par_1_6' title="bbox 7 1641 561 1938">
     <span class='ocr_line' id='line_1_16' title="bbox 7 1641 561 1712; baseline 0.016 -17"><span class='ocrx_word' id='word_1_118' title='bbox 7 1699 8 1710; x_wconf 50' lang='lat'>,</span> <span class='ocrx_word' id='word_1_119' title='bbox 94 1641 116 1712; x_wconf 83' lang='lat'><em>§</em></span> <span class='ocrx_word' id='word_1_120' title='bbox 130 1643 174 1697; x_wconf 86' lang='lat'>38.</span> <span class='ocrx_word' id='word_1_121' title='bbox 188 1649 214 1698; x_wconf 83' lang='lat' dir='ltr'>C.</span> <span class='ocrx_word' id='word_1_122' title='bbox 227 1647 356 1701; x_wconf 77' lang='lat' dir='ltr'>Asinium.</span> <span class='ocrx_word' id='word_1_123' title='bbox 370 1651 416 1702; x_wconf 84' lang='lat' dir='ltr'>Est</span> <span class='ocrx_word' id='word_1_124' title='bbox 428 1654 450 1703; x_wconf 91' lang='lat' dir='ltr'>is</span> <span class='ocrx_word' id='word_1_125' title='bbox 463 1653 491 1704; x_wconf 89' lang='lat' dir='ltr'>C.</span> <span class='ocrx_word' id='word_1_126' title='bbox 503 1655 561 1704; x_wconf 81' lang='lat' dir='ltr'>Asi·</span> 
     </span>
     <span class='ocr_line' id='line_1_17' title="bbox 59 1723 559 1798; baseline 0.026 -27"><span class='ocrx_word' id='word_1_127' title='bbox 59 1723 118 1774; x_wconf 89' lang='lat' dir='ltr'>nius</span> <span class='ocrx_word' id='word_1_128' title='bbox 128 1724 221 1780; x_wconf 81' lang='lat' dir='ltr'>Gallus</span> <span class='ocrx_word' id='word_1_129' title='bbox 232 1747 263 1780; x_wconf 85' lang='lat' dir='ltr'>ex</span> <span class='ocrx_word' id='word_1_130' title='bbox 275 1729 383 1796; x_wconf 85' lang='lat' dir='ltr'>Tacito,</span> <span class='ocrx_word' id='word_1_131' title='bbox 394 1731 462 1783; x_wconf 81' lang='lat' dir='ltr'>Anu.</span> <span class='ocrx_word' id='word_1_132' title='bbox 476 1735 500 1798; x_wconf 81' lang='lat' dir='ltr'>l,</span> <span class='ocrx_word' id='word_1_133' title='bbox 515 1750 559 1797; x_wconf 82' lang='lat' dir='ltr'>ra,</span> 
     </span>
     <span class='ocr_line' id='line_1_18' title="bbox 7 1803 558 1878; baseline 0.022 -28"><span class='ocrx_word' id='word_1_134' title='bbox 7 1861 8 1868; x_wconf 10' lang='grc' dir='ltr'>ἵ</span> <span class='ocrx_word' id='word_1_135' title='bbox 61 1813 85 1851; x_wconf 87' lang='lat' dir='ltr'>et</span> <span class='ocrx_word' id='word_1_136' title='bbox 106 1803 174 1856; x_wconf 86' lang='lat' dir='ltr'>alias</span> <span class='ocrx_word' id='word_1_137' title='bbox 197 1826 212 1858; x_wconf 88' lang='lat' dir='ltr'>e</span> <span class='ocrx_word' id='word_1_138' title='bbox 232 1808 318 1861; x_wconf 88' lang='lat' dir='ltr'>Dione</span> <span class='ocrx_word' id='word_1_139' title='bbox 334 1811 417 1876; x_wconf 80' lang='lat' dir='ltr'>Lvss,</span> <span class='ocrx_word' id='word_1_140' title='bbox 447 1831 476 1878; x_wconf 82' lang='lat' dir='ltr'>a,</span> <span class='ocrx_word' id='word_1_141' title='bbox 508 1825 558 1866; x_wconf 85' lang='lat' dir='ltr'>ete.</span> 
     </span>
     <span class='ocr_line' id='line_1_19' title="bbox 7 1895 226 1938; baseline 0.032 -7"><span class='ocrx_word' id='word_1_142' title='bbox 7 1899 8 1922; x_wconf 67' lang='lat' dir='ltr'>t</span> <span class='ocrx_word' id='word_1_143' title='bbox 61 1895 123 1933; x_wconf 81' lang='lat' dir='ltr'>satis</span> <span class='ocrx_word' id='word_1_144' title='bbox 136 1898 226 1938; x_wconf 87' lang='lat' dir='ltr'>notus.</span> 
     </span>
    </p>

    <p class='ocr_par' dir='ltr' id='par_1_7' title="bbox 7 1965 561 2273">
     <span class='ocr_line' id='line_1_20' title="bbox 96 1965 558 2038; baseline 0.015 -23"><span class='ocrx_word' id='word_1_145' title='bbox 96 1965 136 2016; x_wconf 88' lang='lat' dir='ltr'>De</span> <span class='ocrx_word' id='word_1_146' title='bbox 151 1967 270 2020; x_wconf 85' lang='lat' dir='ltr'>Cornelio</span> <span class='ocrx_word' id='word_1_147' title='bbox 283 1969 374 2038; x_wconf 86' lang='lat' dir='ltr'>Gallo,</span> <span class='ocrx_word' id='word_1_148' title='bbox 387 1971 447 2023; x_wconf 82' lang='lat' dir='ltr'>vide</span> <span class='ocrx_word' id='word_1_149' title='bbox 458 1971 493 2023; x_wconf 91' lang='lat' dir='ltr'>ad</span> <span class='ocrx_word' id='word_1_150' title='bbox 504 1972 558 2024; x_wconf 86' lang='lat' dir='ltr'>Ecl.</span> 
     </span>
     <span class='ocr_line' id='line_1_21' title="bbox 7 2043 561 2124; baseline 0.02 -32"><span class='ocrx_word' id='word_1_151' title='bbox 7 2119 8 2124; x_wconf 12' lang='grc'>1</span> <span class='ocrx_word' id='word_1_152' title='bbox 60 2043 109 2111; x_wconf 84' lang='lat' dir='ltr'>Vl,</span> <span class='ocrx_word' id='word_1_153' title='bbox 124 2045 172 2112; x_wconf 77' lang='lat'>64,</span> <span class='ocrx_word' id='word_1_154' title='bbox 191 2061 217 2098; x_wconf 91' lang='lat' dir='ltr'>et</span> <span class='ocrx_word' id='word_1_155' title='bbox 232 2049 258 2098; x_wconf 85' lang='lat' dir='ltr'>X</span> <span class='ocrx_word' id='word_1_156' title='bbox 278 2069 319 2121; x_wconf 91' lang='lat' dir='ltr'>pr.</span> <span class='ocrx_word' id='word_1_157' title='bbox 337 2051 371 2102; x_wconf 87' lang='lat' dir='ltr'>cf.</span> <span class='ocrx_word' id='word_1_158' title='bbox 389 2069 455 2122; x_wconf 84' lang='lat' dir='ltr'>quos</span> <span class='ocrx_word' id='word_1_159' title='bbox 468 2052 561 2103; x_wconf 86' lang='lat' dir='ltr'>laudat</span> 
     </span>
     <span class='ocr_line' id='line_1_22' title="bbox 7 2123 561 2203; baseline 0.02 -31"><span class='ocrx_word' id='word_1_160' title='bbox 7 2169 8 2174; x_wconf 75' lang='grc'>,</span> <span class='ocrx_word' id='word_1_161' title='bbox 61 2123 229 2178; x_wconf 80' lang='lat' dir='ltr'>Burmannus</span> <span class='ocrx_word' id='word_1_162' title='bbox 247 2128 282 2180; x_wconf 89' lang='lat' dir='ltr'>ad</span> <span class='ocrx_word' id='word_1_163' title='bbox 298 2129 442 2203; x_wconf 86' lang='lat' dir='ltr'>Antbolug.</span> <span class='ocrx_word' id='word_1_164' title='bbox 461 2130 507 2183; x_wconf 93' lang='lat' dir='ltr'>lib.</span> <span class='ocrx_word' id='word_1_165' title='bbox 523 2133 561 2197; x_wconf 88' lang='lat'>11,</span> 
     </span>
     <span class='ocr_line' id='line_1_23' title="bbox 7 2197 185 2273; baseline 0.034 -22"><span class='ocrx_word' id='word_1_166' title='bbox 7 2197 8 2220; x_wconf 49' lang='lat' dir='ltr'>l</span> <span class='ocrx_word' id='word_1_167' title='bbox 60 2201 109 2272; x_wconf 86' lang='lat' dir='ltr'>Ep.</span> <span class='ocrx_word' id='word_1_168' title='bbox 127 2205 185 2273; x_wconf 88' lang='lat'><strong>176.</strong></span> 
     </span>
    </p>

    <p class='ocr_par' dir='ltr' id='par_1_8' title="bbox 7 2279 563 2440">
     <span class='ocr_line' id='line_1_24' title="bbox 7 2279 563 2362; baseline 0.011 -26"><span class='ocrx_word' id='word_1_169' title='bbox 7 2279 8 2286; x_wconf 11' lang='grc' dir='ltr'>ἵ</span> <span class='ocrx_word' id='word_1_170' title='bbox 96 2286 120 2351; x_wconf 73' lang='lat' dir='ltr'>S</span> <span class='ocrx_word' id='word_1_171' title='bbox 139 2287 182 2355; x_wconf 86' lang='lat'>39.</span> <span class='ocrx_word' id='word_1_172' title='bbox 203 2289 303 2341; x_wconf 82' lang='lat' dir='ltr'>Occisus</span> <span class='ocrx_word' id='word_1_173' title='bbox 317 2302 365 2351; x_wconf 71' lang='grc' dir='ltr'><strong><em>εει,-</em></strong></span> <span class='ocrx_word' id='word_1_174' title='bbox 380 2309 408 2342; x_wconf 91' lang='lat' dir='ltr'>se</span> <span class='ocrx_word' id='word_1_175' title='bbox 422 2293 509 2362; x_wconf 86' lang='lat' dir='ltr'>ipsum</span> <span class='ocrx_word' id='word_1_176' title='bbox 522 2293 563 2341; x_wconf 91' lang='lat' dir='ltr'>in-</span> 
     </span>
     <span class='ocr_line' id='line_1_25' title="bbox 62 2365 542 2440; baseline 0.015 -28"><span class='ocrx_word' id='word_1_177' title='bbox 62 2367 168 2416; x_wconf 87' lang='lat' dir='ltr'>teremit</span> <span class='ocrx_word' id='word_1_178' title='bbox 179 2388 185 2416; x_wconf 90' lang='lat'>:</span> <span class='ocrx_word' id='word_1_179' title='bbox 196 2365 250 2416; x_wconf 87' lang='lat' dir='ltr'>vid.</span> <span class='ocrx_word' id='word_1_180' title='bbox 266 2370 325 2419; x_wconf 87' lang='lat' dir='ltr'>Vita</span> <span class='ocrx_word' id='word_1_181' title='bbox 340 2369 432 2440; x_wconf 90' lang='lat' dir='ltr'>Virgil.</span> <span class='ocrx_word' id='word_1_182' title='bbox 447 2389 469 2420; x_wconf 90' lang='lat' dir='ltr'>a.</span> <span class='ocrx_word' id='word_1_183' title='bbox 483 2371 542 2438; x_wconf 84' lang='lat'>728.</span> 
     </span>
    </p>

    <p class='ocr_par' dir='ltr' id='par_1_9' title="bbox 62 2444 566 3154">
     <span class='ocr_line' id='line_1_26' title="bbox 101 2444 563 2519; baseline 0.013 -26"><span class='ocrx_word' id='word_1_184' title='bbox 101 2444 137 2494; x_wconf 86' lang='lat' dir='ltr'>Ut</span> <span class='ocrx_word' id='word_1_185' title='bbox 144 2457 252 2516; x_wconf 82' lang='lat' dir='ltr'>quartus</span> <span class='ocrx_word' id='word_1_186' title='bbox 263 2449 454 2519; x_wconf 67' lang='lat' dir='ltr'>Georgicorum.</span> <span class='ocrx_word' id='word_1_187' title='bbox 463 2447 563 2499; x_wconf 86' lang='lat' dir='ltr'>Eadem</span> 
     </span>
     <span class='ocr_line' id='line_1_27' title="bbox 62 2525 562 2594; baseline 0.008 -21"><span class='ocrx_word' id='word_1_188' title='bbox 62 2525 132 2575; x_wconf 87' lang='lat' dir='ltr'>inter</span> <span class='ocrx_word' id='word_1_189' title='bbox 146 2525 275 2578; x_wconf 71' lang='lat' dir='ltr'>Seruiana</span> <span class='ocrx_word' id='word_1_190' title='bbox 292 2527 327 2577; x_wconf 89' lang='lat' dir='ltr'>ad</span> <span class='ocrx_word' id='word_1_191' title='bbox 344 2527 399 2579; x_wconf 88' lang='lat' dir='ltr'>Ecl.</span> <span class='ocrx_word' id='word_1_192' title='bbox 411 2528 449 2594; x_wconf 88' lang='lat' dir='ltr'>X,</span> <span class='ocrx_word' id='word_1_193' title='bbox 469 2546 495 2588; x_wconf 91' lang='lat' dir='ltr'>r;</span> <span class='ocrx_word' id='word_1_194' title='bbox 515 2527 562 2579; x_wconf 87' lang='lat' dir='ltr'>Ge.</span> 
     </span>
     <span class='ocr_line' id='line_1_28' title="bbox 62 2605 565 2676; baseline 0.01 -23"><span class='ocrx_word' id='word_1_195' title='bbox 62 2605 107 2668; x_wconf 79' lang='grc' dir='ltr'>Ν,</span> <span class='ocrx_word' id='word_1_196' title='bbox 123 2623 150 2669; x_wconf 82' lang='grc' dir='ltr'>ι,</span> <span class='ocrx_word' id='word_1_197' title='bbox 162 2624 221 2676; x_wconf 83' lang='lat' dir='ltr'>quae</span> <span class='ocrx_word' id='word_1_198' title='bbox 232 2625 266 2657; x_wconf 89' lang='lat' dir='ltr'>an</span> <span class='ocrx_word' id='word_1_199' title='bbox 276 2626 340 2658; x_wconf 85' lang='lat' dir='ltr'>vera</span> <span class='ocrx_word' id='word_1_200' title='bbox 351 2609 417 2673; x_wconf 65' lang='lat' dir='ltr'>sinti,</span> <span class='ocrx_word' id='word_1_201' title='bbox 429 2607 507 2659; x_wconf 83' lang='lat' dir='ltr'>valde</span> <span class='ocrx_word' id='word_1_202' title='bbox 518 2607 565 2658; x_wconf 86' lang='lat' dir='ltr'>tlu-</span> 
     </span>
     <span class='ocr_line' id='line_1_29' title="bbox 62 2684 564 2756; baseline 0.004 -21"><span class='ocrx_word' id='word_1_203' title='bbox 62 2684 138 2747; x_wconf 91' lang='lat' dir='ltr'>bito;</span> <span class='ocrx_word' id='word_1_204' title='bbox 155 2705 210 2736; x_wconf 89' lang='lat' dir='ltr'>non</span> <span class='ocrx_word' id='word_1_205' title='bbox 228 2688 299 2738; x_wconf 90' lang='lat' dir='ltr'>enim</span> <span class='ocrx_word' id='word_1_206' title='bbox 318 2690 469 2756; x_wconf 85' lang='lat' dir='ltr'>conjectare</span> <span class='ocrx_word' id='word_1_207' title='bbox 488 2687 564 2751; x_wconf 84' lang='lat' dir='ltr'>licet,</span> 
     </span>
     <span class='ocr_line' id='line_1_30' title="bbox 63 2764 566 2834; baseline 0.004 -20"><span class='ocrx_word' id='word_1_208' title='bbox 63 2764 202 2834; x_wconf 90' lang='lat' dir='ltr'>quomodo</span> <span class='ocrx_word' id='word_1_209' title='bbox 217 2765 288 2816; x_wconf 85' lang='lat' dir='ltr'>Galli</span> <span class='ocrx_word' id='word_1_210' title='bbox 303 2764 396 2818; x_wconf 87' lang='lat' dir='ltr'>laudes</span> <span class='ocrx_word' id='word_1_211' title='bbox 413 2767 440 2816; x_wconf 92' lang='lat' dir='ltr'>in</span> <span class='ocrx_word' id='word_1_212' title='bbox 457 2766 503 2816; x_wconf 90' lang='lat' dir='ltr'>illo</span> <span class='ocrx_word' id='word_1_213' title='bbox 521 2785 566 2816; x_wconf 90' lang='lat' dir='ltr'>ar·</span> 
     </span>
     <span class='ocr_line' id='line_1_31' title="bbox 64 2843 564 2914; baseline 0.002 -20"><span class='ocrx_word' id='word_1_214' title='bbox 64 2857 193 2914; x_wconf 90' lang='lat' dir='ltr'>gumento</span> <span class='ocrx_word' id='word_1_215' title='bbox 203 2844 293 2896; x_wconf 81' lang='lat' dir='ltr'>locum</span> <span class='ocrx_word' id='word_1_216' title='bbox 304 2843 404 2896; x_wconf 88' lang='lat' dir='ltr'>habere</span> <span class='ocrx_word' id='word_1_217' title='bbox 416 2847 564 2914; x_wconf 89' lang='lat' dir='ltr'>potuerint;</span> 
     </span>
     <span class='ocr_line' id='line_1_32' title="bbox 64 2927 566 2996; baseline 0 -20"><span class='ocrx_word' id='word_1_218' title='bbox 64 2945 127 2990; x_wconf 90' lang='lat' dir='ltr'>nec,</span> <span class='ocrx_word' id='word_1_219' title='bbox 151 2927 174 2977; x_wconf 88' lang='lat' dir='ltr'>si</span> <span class='ocrx_word' id='word_1_220' title='bbox 190 2929 246 2995; x_wconf 89' lang='lat' dir='ltr'>jam</span> <span class='ocrx_word' id='word_1_221' title='bbox 266 2939 327 2977; x_wconf 90' lang='lat' dir='ltr'>ante</span> <span class='ocrx_word' id='word_1_222' title='bbox 347 2938 463 2996; x_wconf 89' lang='lat' dir='ltr'>quatuor</span> <span class='ocrx_word' id='word_1_223' title='bbox 482 2945 566 2978; x_wconf 89' lang='lat' dir='ltr'>annos</span> 
     </span>
     <span class='ocr_line' id='line_1_33' title="bbox 62 3003 565 3076; baseline 0.002 -21"><span class='ocrx_word' id='word_1_224' title='bbox 62 3003 196 3076; x_wconf 79' lang='lat' dir='ltr'>Georgica</span> <span class='ocrx_word' id='word_1_225' title='bbox 205 3006 233 3056; x_wconf 91' lang='lat' dir='ltr'>in</span> <span class='ocrx_word' id='word_1_226' title='bbox 243 3004 337 3076; x_wconf 86' lang='lat' dir='ltr'>vulgus</span> <span class='ocrx_word' id='word_1_227' title='bbox 347 3007 478 3072; x_wconf 83' lang='lat' dir='ltr'>exierant,</span> <span class='ocrx_word' id='word_1_228' title='bbox 490 3005 565 3057; x_wconf 87' lang='lat' dir='ltr'>locus</span> 
     </span>
     <span class='ocr_line' id='line_1_34' title="bbox 63 3085 314 3154; baseline 0.004 -20"><span class='ocrx_word' id='word_1_229' title='bbox 63 3085 154 3154; x_wconf 90' lang='lat' dir='ltr'>potuit</span> <span class='ocrx_word' id='word_1_230' title='bbox 166 3086 314 3136; x_wconf 87' lang='lat' dir='ltr'>retractari.</span> 
     </span>
    </p>

    <p class='ocr_par' dir='ltr' id='par_1_10' title="bbox 63 3164 568 3456">
     <span class='ocr_line' id='line_1_35' title="bbox 101 3164 567 3238; baseline -0.004 -22"><span class='ocrx_word' id='word_1_231' title='bbox 101 3164 124 3234; x_wconf 92' lang='lat'>§.</span> <span class='ocrx_word' id='word_1_232' title='bbox 144 3164 187 3230; x_wconf 75' lang='grc' dir='ltr'>4ο.</span> <span class='ocrx_word' id='word_1_233' title='bbox 211 3165 333 3238; x_wconf 65' lang='lat' dir='ltr'>Georgica</span> <span class='ocrx_word' id='word_1_234' title='bbox 346 3165 478 3236; x_wconf 83' lang='lat' dir='ltr'>septennio</span> <span class='ocrx_word' id='word_1_235' title='bbox 495 3165 567 3217; x_wconf 85' lang='lat' dir='ltr'>Nea-</span> 
     </span>
     <span class='ocr_line' id='line_1_36' title="bbox 63 3241 565 3314; baseline 0.002 -21"><span class='ocrx_word' id='word_1_236' title='bbox 63 3243 129 3314; x_wconf 84' lang='lat' dir='ltr'>poli.</span> <span class='ocrx_word' id='word_1_237' title='bbox 149 3245 188 3295; x_wconf 91' lang='lat' dir='ltr'>De</span> <span class='ocrx_word' id='word_1_238' title='bbox 206 3243 266 3296; x_wconf 90' lang='lat' dir='ltr'>loco</span> <span class='ocrx_word' id='word_1_239' title='bbox 284 3255 389 3296; x_wconf 88' lang='lat' dir='ltr'>constat</span> <span class='ocrx_word' id='word_1_240' title='bbox 406 3263 438 3296; x_wconf 88' lang='lat' dir='ltr'>ex</span> <span class='ocrx_word' id='word_1_241' title='bbox 451 3241 503 3296; x_wconf 86' lang='lat' dir='ltr'>fine</span> <span class='ocrx_word' id='word_1_242' title='bbox 520 3243 565 3294; x_wconf 92' lang='lat' dir='ltr'>lib.</span> 
     </span>
     <span class='ocr_line' id='line_1_37' title="bbox 64 3325 568 3397; baseline 0 -23"><span class='ocrx_word' id='word_1_243' title='bbox 64 3325 100 3374; x_wconf 93' lang='grc' dir='ltr'><em>Ν</em></span> <span class='ocrx_word' id='word_1_244' title='bbox 119 3325 233 3397; x_wconf 81' lang='lat' dir='ltr'>Georg.;</span> <span class='ocrx_word' id='word_1_245' title='bbox 251 3339 355 3397; x_wconf 87' lang='lat' dir='ltr'>tempus</span> <span class='ocrx_word' id='word_1_246' title='bbox 375 3326 568 3378; x_wconf 89' lang='lat' dir='ltr'>Grammatico-</span> 
     </span>
     <span class='ocr_line' id='line_1_38' title="bbox 64 3404 309 3456; baseline 0.004 -1"><span class='ocrx_word' id='word_1_247' title='bbox 64 3423 124 3455; x_wconf 88' lang='lat' dir='ltr'>rum</span> <span class='ocrx_word' id='word_1_248' title='bbox 140 3404 193 3456; x_wconf 83' lang='lat' dir='ltr'>iide</span> <span class='ocrx_word' id='word_1_249' title='bbox 208 3407 309 3456; x_wconf 88' lang='lat' dir='ltr'>nititur.</span> 
     </span>
    </p>

    <p class='ocr_par' dir='ltr' id='par_1_11' title="bbox 67 3483 571 3795">
     <span class='ocr_line' id='line_1_39' title="bbox 102 3483 568 3555; baseline -0.002 -20"><span class='ocrx_word' id='word_1_250' title='bbox 102 3483 125 3555; x_wconf 85' lang='lat'>§.</span> <span class='ocrx_word' id='word_1_251' title='bbox 146 3486 189 3551; x_wconf 76' lang='grc'>41.</span> <span class='ocrx_word' id='word_1_252' title='bbox 212 3485 288 3536; x_wconf 83' lang='lat' dir='ltr'>Utin</span> <span class='ocrx_word' id='word_1_253' title='bbox 304 3503 386 3536; x_wconf 82' lang='lat' dir='ltr'>scena.</span> <span class='ocrx_word' id='word_1_254' title='bbox 404 3484 477 3536; x_wconf 86' lang='lat' dir='ltr'>ldem</span> <span class='ocrx_word' id='word_1_255' title='bbox 494 3501 568 3536; x_wconf 83' lang='lat' dir='ltr'>com-</span> 
     </span>
     <span class='ocr_line' id='line_1_40' title="bbox 67 3563 569 3627; baseline 0 -13"><span class='ocrx_word' id='word_1_256' title='bbox 67 3577 187 3614; x_wconf 90' lang='lat' dir='ltr'>mentum</span> <span class='ocrx_word' id='word_1_257' title='bbox 197 3565 224 3614; x_wconf 93' lang='lat' dir='ltr'>in</span> <span class='ocrx_word' id='word_1_258' title='bbox 230 3563 362 3616; x_wconf 81' lang='lat' dir='ltr'>Servianis</span> <span class='ocrx_word' id='word_1_259' title='bbox 371 3564 406 3615; x_wconf 88' lang='lat' dir='ltr'>ad</span> <span class='ocrx_word' id='word_1_260' title='bbox 413 3563 467 3614; x_wconf 86' lang='lat' dir='ltr'>Ecl.</span> <span class='ocrx_word' id='word_1_261' title='bbox 474 3564 519 3627; x_wconf 88' lang='lat' dir='ltr'>Vl,</span> <span class='ocrx_word' id='word_1_262' title='bbox 529 3580 569 3627; x_wconf 85' lang='lat' dir='ltr'>rr,</span> 
     </span>
     <span class='ocr_line' id='line_1_41' title="bbox 67 3643 571 3715; baseline 0.004 -21"><span class='ocrx_word' id='word_1_263' title='bbox 67 3657 249 3708; x_wconf 88' lang='lat' dir='ltr'>memoratur,</span> <span class='ocrx_word' id='word_1_264' title='bbox 274 3662 311 3696; x_wconf 88' lang='lat' dir='ltr'>sc.</span> <span class='ocrx_word' id='word_1_265' title='bbox 330 3643 457 3715; x_wconf 86' lang='lat' dir='ltr'>Eclogam</span> <span class='ocrx_word' id='word_1_266' title='bbox 471 3656 571 3696; x_wconf 84' lang='lat' dir='ltr'>sextam</span> 
     </span>
     <span class='ocr_line' id='line_1_42' title="bbox 68 3722 570 3795; baseline -0.002 -20"><span class='ocrx_word' id='word_1_267' title='bbox 68 3743 84 3775; x_wconf 89' lang='lat' dir='ltr'>a</span> <span class='ocrx_word' id='word_1_268' title='bbox 97 3722 242 3795; x_wconf 76' lang='lat' dir='ltr'>Cytheride</span> <span class='ocrx_word' id='word_1_269' title='bbox 256 3725 337 3776; x_wconf 90' lang='lat' dir='ltr'>mima</span> <span class='ocrx_word' id='word_1_270' title='bbox 351 3741 408 3775; x_wconf 84' lang='lat' dir='ltr'>esse</span> <span class='ocrx_word' id='word_1_271' title='bbox 418 3724 570 3785; x_wconf 67' lang='lat' dir='ltr'>recitatam</span> 
     </span>
    </p>
   </div>
   <div class='ocr_carea' id='block_1_7' title="bbox 69 3802 574 3953">
    <p class='ocr_par' dir='ltr' id='par_1_12' title="bbox 69 3802 574 3953">
     <span class='ocr_line' id='line_1_43' title="bbox 69 3802 573 3858; baseline -0.002 -4"><span class='ocrx_word' id='word_1_272' title='bbox 69 3805 232 3855; x_wconf 76' lang='lat' dir='ltr'>narrationis</span> <span class='ocrx_word' id='word_1_273' title='bbox 256 3815 346 3855; x_wconf 90' lang='lat' dir='ltr'>tamen</span> <span class='ocrx_word' id='word_1_274' title='bbox 374 3802 488 3854; x_wconf 77' lang='lat' dir='ltr'>fundum</span> <span class='ocrx_word' id='word_1_275' title='bbox 513 3803 573 3858; x_wconf 90' lang='lat' dir='ltr'>ido-</span> 
     </span>
     <span class='ocr_line' id='line_1_44' title="bbox 69 3882 574 3953; baseline -0.002 -20"><span class='ocrx_word' id='word_1_276' title='bbox 69 3901 152 3934; x_wconf 87' lang='lat' dir='ltr'>neum</span> <span class='ocrx_word' id='word_1_277' title='bbox 160 3884 278 3953; x_wconf 89' lang='lat' dir='ltr'>reperire</span> <span class='ocrx_word' id='word_1_278' title='bbox 285 3882 442 3934; x_wconf 86' lang='lat' dir='ltr'>haudfacile</span> <span class='ocrx_word' id='word_1_279' title='bbox 451 3895 490 3935; x_wconf 87' lang='lat' dir='ltr'>est</span> <span class='ocrx_word' id='word_1_280' title='bbox 497 3905 502 3932; x_wconf 78' lang='grc' dir='ltr'><strong>ε</strong></span> <span class='ocrx_word' id='word_1_281' title='bbox 509 3901 574 3953; x_wconf 77' lang='lat' dir='ltr'>prae·</span> 
     </span>
    </p>
   </div>
   <div class='ocr_carea' id='block_1_8' title="bbox 604 1649 1118 3941">
    <p class='ocr_par' dir='ltr' id='par_1_13' title="bbox 604 1649 1118 3941">
     <span class='ocr_line' id='line_1_45' title="bbox 605 1649 1103 1721; baseline -0.014 -15"><span class='ocrx_word' id='word_1_282' title='bbox 605 1653 702 1706; x_wconf 89' lang='lat' dir='ltr'>auditis</span> <span class='ocrx_word' id='word_1_283' title='bbox 710 1655 737 1704; x_wconf 93' lang='lat' dir='ltr'>in</span> <span class='ocrx_word' id='word_1_284' title='bbox 746 1652 850 1704; x_wconf 90' lang='lat' dir='ltr'>theatro</span> <span class='ocrx_word' id='word_1_285' title='bbox 858 1651 978 1704; x_wconf 88' lang='lat' dir='ltr'>versibus</span> <span class='ocrx_word' id='word_1_286' title='bbox 985 1649 1103 1721; x_wconf 83' lang='lat' dir='ltr'>Virgilii,</span> 
     </span>
     <span class='ocr_line' id='line_1_46' title="bbox 605 1733 1104 1800; baseline -0.012 -14"><span class='ocrx_word' id='word_1_287' title='bbox 605 1737 748 1787; x_wconf 84' lang='lat' dir='ltr'>assurrexit</span> <span class='ocrx_word' id='word_1_288' title='bbox 756 1736 909 1798; x_wconf 86' lang='lat' dir='ltr'>universus,</span> <span class='ocrx_word' id='word_1_289' title='bbox 920 1745 946 1785; x_wconf 90' lang='lat' dir='ltr'>et</span> <span class='ocrx_word' id='word_1_290' title='bbox 955 1733 1024 1782; x_wconf 86' lang='lat' dir='ltr'>forte</span> <span class='ocrx_word' id='word_1_291' title='bbox 1037 1749 1104 1800; x_wconf 85' lang='lat' dir='ltr'>prae·</span> 
     </span>
     <span class='ocr_line' id='line_1_47' title="bbox 604 1810 1103 1885; baseline -0.018 -18"><span class='ocrx_word' id='word_1_292' title='bbox 604 1827 706 1867; x_wconf 88' lang='lat' dir='ltr'>sentem</span> <span class='ocrx_word' id='word_1_293' title='bbox 726 1827 945 1885; x_wconf 87' lang='lat' dir='ltr'>spectantemque</span> <span class='ocrx_word' id='word_1_294' title='bbox 965 1810 1103 1882; x_wconf 89' lang='lat' dir='ltr'>Virgilium</span> 
     </span>
     <span class='ocr_line' id='line_1_48' title="bbox 604 1893 1104 1964; baseline -0.018 -20"><span class='ocrx_word' id='word_1_295' title='bbox 604 1907 745 1946; x_wconf 86' lang='lat' dir='ltr'>veneratus</span> <span class='ocrx_word' id='word_1_296' title='bbox 752 1893 1104 1964; x_wconf 74' lang='lat' dir='ltr'>estsic,quasihugustum.n</span> 
     </span>
     <span class='ocr_line' id='line_1_49' title="bbox 604 1971 1106 2026; baseline -0.012 -2"><span class='ocrx_word' id='word_1_297' title='bbox 604 1975 784 2026; x_wconf 80' lang='lat' dir='ltr'>Recitationes</span> <span class='ocrx_word' id='word_1_298' title='bbox 795 1975 884 2024; x_wconf 83' lang='lat' dir='ltr'>Romae</span> <span class='ocrx_word' id='word_1_299' title='bbox 896 1976 923 2024; x_wconf 94' lang='lat' dir='ltr'>in</span> <span class='ocrx_word' id='word_1_300' title='bbox 936 1972 1040 2023; x_wconf 88' lang='lat' dir='ltr'>theatro</span> <span class='ocrx_word' id='word_1_301' title='bbox 1053 1971 1106 2019; x_wconf 86' lang='lat' dir='ltr'>lac·</span> 
     </span>
     <span class='ocr_line' id='line_1_50' title="bbox 605 2053 1106 2110; baseline -0.014 -6"><span class='ocrx_word' id='word_1_302' title='bbox 605 2066 646 2105; x_wconf 88' lang='lat' dir='ltr'>tas</span> <span class='ocrx_word' id='word_1_303' title='bbox 659 2071 728 2110; x_wconf 81' lang='lat' dir='ltr'>esse.</span> <span class='ocrx_word' id='word_1_304' title='bbox 744 2054 851 2106; x_wconf 81' lang='lat' dir='ltr'>aliunde</span> <span class='ocrx_word' id='word_1_305' title='bbox 863 2053 937 2105; x_wconf 89' lang='lat' dir='ltr'>haud</span> <span class='ocrx_word' id='word_1_306' title='bbox 947 2061 1065 2110; x_wconf 87' lang='lat' dir='ltr'>constat;</span> <span class='ocrx_word' id='word_1_307' title='bbox 1078 2060 1106 2099; x_wconf 93' lang='lat' dir='ltr'>et</span> 
     </span>
     <span class='ocr_line' id='line_1_51' title="bbox 606 2131 1104 2203; baseline -0.008 -21"><span class='ocrx_word' id='word_1_308' title='bbox 606 2131 680 2197; x_wconf 87' lang='lat' dir='ltr'>loca,</span> <span class='ocrx_word' id='word_1_309' title='bbox 693 2153 707 2184; x_wconf 95' lang='lat' dir='ltr'>e</span> <span class='ocrx_word' id='word_1_310' title='bbox 721 2133 817 2202; x_wconf 90' lang='lat' dir='ltr'>quibus</span> <span class='ocrx_word' id='word_1_311' title='bbox 827 2134 853 2184; x_wconf 84' lang='lat' dir='ltr'>itl</span> <span class='ocrx_word' id='word_1_312' title='bbox 866 2133 1007 2203; x_wconf 88' lang='lat' dir='ltr'>probatum</span> <span class='ocrx_word' id='word_1_313' title='bbox 1018 2132 1104 2192; x_wconf 89' lang='lat' dir='ltr'>ivere,</span> 
     </span>
     <span class='ocr_line' id='line_1_52' title="bbox 606 2209 1106 2264; baseline -0.014 0"><span class='ocrx_word' id='word_1_314' title='bbox 606 2215 649 2264; x_wconf 78' lang='lat' dir='ltr'>vix</span> <span class='ocrx_word' id='word_1_315' title='bbox 661 2213 856 2264; x_wconf 88' lang='lat' dir='ltr'>dubitationem</span> <span class='ocrx_word' id='word_1_316' title='bbox 869 2213 974 2262; x_wconf 88' lang='lat' dir='ltr'>tollunt.</span> <span class='ocrx_word' id='word_1_317' title='bbox 987 2213 1055 2262; x_wconf 85' lang='lat' dir='ltr'>Nam</span> <span class='ocrx_word' id='word_1_318' title='bbox 1066 2209 1106 2258; x_wconf 94' lang='lat' dir='ltr'>lo-</span> 
     </span>
     <span class='ocr_line' id='line_1_53' title="bbox 607 2288 1110 2357; baseline -0.01 -16"><span class='ocrx_word' id='word_1_319' title='bbox 607 2311 667 2342; x_wconf 89' lang='lat' dir='ltr'>cum</span> <span class='ocrx_word' id='word_1_320' title='bbox 679 2292 769 2342; x_wconf 91' lang='lat' dir='ltr'>Ovidii</span> <span class='ocrx_word' id='word_1_321' title='bbox 782 2293 860 2340; x_wconf 80' lang='lat' dir='ltr'>Trist.</span> <span class='ocrx_word' id='word_1_322' title='bbox 871 2293 903 2353; x_wconf 89' lang='lat' dir='ltr'>V,</span> <span class='ocrx_word' id='word_1_323' title='bbox 914 2307 943 2357; x_wconf 88' lang='lat'>7,</span> <span class='ocrx_word' id='word_1_324' title='bbox 958 2290 1005 2340; x_wconf 71' lang='lat'>25:</span> <span class='ocrx_word' id='word_1_325' title='bbox 1021 2288 1110 2354; x_wconf 45' lang='lat' dir='ltr'>uCarffi</span> 
     </span>
     <span class='ocr_line' id='line_1_54' title="bbox 607 2369 1107 2439; baseline -0.004 -19"><span class='ocrx_word' id='word_1_326' title='bbox 607 2372 679 2420; x_wconf 86' lang='lat' dir='ltr'>ruina</span> <span class='ocrx_word' id='word_1_327' title='bbox 702 2369 775 2439; x_wconf 91' lang='lat' dir='ltr'>quod</span> <span class='ocrx_word' id='word_1_328' title='bbox 794 2370 877 2438; x_wconf 88' lang='lat' dir='ltr'>pleno</span> <span class='ocrx_word' id='word_1_329' title='bbox 901 2369 991 2419; x_wconf 83' lang='lat' dir='ltr'>saltari</span> <span class='ocrx_word' id='word_1_330' title='bbox 1015 2379 1107 2418; x_wconf 85' lang='lat' dir='ltr'>nostra</span> 
     </span>
     <span class='ocr_line' id='line_1_55' title="bbox 607 2445 1107 2516; baseline -0.006 -19"><span class='ocrx_word' id='word_1_331' title='bbox 607 2446 861 2512; x_wconf 87' lang='lat' dir='ltr'>theatr0,Versibns</span> <span class='ocrx_word' id='word_1_332' title='bbox 870 2459 895 2498; x_wconf 92' lang='lat' dir='ltr'>et</span> <span class='ocrx_word' id='word_1_333' title='bbox 903 2445 1107 2516; x_wconf 77' lang='lat' dir='ltr'>plaucliseribis,</span> 
     </span>
     <span class='ocr_line' id='line_1_56' title="bbox 609 2525 1110 2596; baseline -0.004 -18"><span class='ocrx_word' id='word_1_334' title='bbox 609 2530 706 2594; x_wconf 87' lang='lat' dir='ltr'>amice,</span> <span class='ocrx_word' id='word_1_335' title='bbox 724 2529 827 2592; x_wconf 82' lang='lat' dir='ltr'>meis»,</span> <span class='ocrx_word' id='word_1_336' title='bbox 846 2527 879 2578; x_wconf 85' lang='lat' dir='ltr'>de</span> <span class='ocrx_word' id='word_1_337' title='bbox 889 2526 985 2578; x_wconf 89' lang='lat' dir='ltr'>Medea</span> <span class='ocrx_word' id='word_1_338' title='bbox 997 2525 1110 2596; x_wconf 91' lang='lat' dir='ltr'>intelligi</span> 
     </span>
     <span class='ocr_line' id='line_1_57' title="bbox 609 2606 1108 2678; baseline -0.008 -20"><span class='ocrx_word' id='word_1_339' title='bbox 609 2625 688 2678; x_wconf 84' lang='lat' dir='ltr'>posse</span> <span class='ocrx_word' id='word_1_340' title='bbox 707 2607 804 2659; x_wconf 89' lang='lat' dir='ltr'>docere</span> <span class='ocrx_word' id='word_1_341' title='bbox 823 2606 929 2658; x_wconf 72' lang='lat' dir='ltr'>videtur</span> <span class='ocrx_word' id='word_1_342' title='bbox 947 2607 1014 2658; x_wconf 88' lang='lat' dir='ltr'>alter</span> <span class='ocrx_word' id='word_1_343' title='bbox 1033 2606 1108 2656; x_wconf 89' lang='lat' dir='ltr'>locus</span> 
     </span>
     <span class='ocr_line' id='line_1_58' title="bbox 609 2686 1109 2755; baseline -0.008 -18"><span class='ocrx_word' id='word_1_344' title='bbox 609 2688 646 2738; x_wconf 92' lang='lat' dir='ltr'>Tr</span> <span class='ocrx_word' id='word_1_345' title='bbox 672 2689 709 2754; x_wconf 89' lang='lat'>11,</span> <span class='ocrx_word' id='word_1_346' title='bbox 727 2687 792 2755; x_wconf 79' lang='lat'>519,</span> <span class='ocrx_word' id='word_1_347' title='bbox 812 2686 880 2738; x_wconf 66' lang='lat'>520:</span> <span class='ocrx_word' id='word_1_348' title='bbox 899 2686 952 2736; x_wconf 73' lang='lat' dir='ltr'>«Et</span> <span class='ocrx_word' id='word_1_349' title='bbox 971 2703 1031 2736; x_wconf 86' lang='lat' dir='ltr'>mea</span> <span class='ocrx_word' id='word_1_350' title='bbox 1046 2695 1109 2734; x_wconf 87' lang='lat' dir='ltr'>sunt</span> 
     </span>
     <span class='ocr_line' id='line_1_59' title="bbox 610 2761 1107 2837; baseline -0.006 -21"><span class='ocrx_word' id='word_1_351' title='bbox 610 2767 712 2837; x_wconf 89' lang='lat' dir='ltr'>populo</span> <span class='ocrx_word' id='word_1_352' title='bbox 724 2767 818 2818; x_wconf 84' lang='lat' dir='ltr'>saltata</span> <span class='ocrx_word' id='word_1_353' title='bbox 829 2778 952 2836; x_wconf 88' lang='lat' dir='ltr'>poemata</span> <span class='ocrx_word' id='word_1_354' title='bbox 962 2761 1045 2834; x_wconf 77' lang='lat' dir='ltr'>sa&#39;pe3</span> <span class='ocrx_word' id='word_1_355' title='bbox 1058 2762 1107 2814; x_wconf 82' lang='lat' dir='ltr'>Sae·</span> 
     </span>
     <span class='ocr_line' id='line_1_60' title="bbox 610 2844 1109 2917; baseline -0.016 -21"><span class='ocrx_word' id='word_1_356' title='bbox 610 2865 645 2917; x_wconf 91' lang='lat' dir='ltr'>pe</span> <span class='ocrx_word' id='word_1_357' title='bbox 656 2845 752 2896; x_wconf 86' lang='lat' dir='ltr'>oculos·</span> <span class='ocrx_word' id='word_1_358' title='bbox 761 2847 841 2895; x_wconf 85' lang='lat' dir='ltr'>etiarn</span> <span class='ocrx_word' id='word_1_359' title='bbox 851 2844 989 2896; x_wconf 84' lang='lat' dir='ltr'>detinuere</span> <span class='ocrx_word' id='word_1_360' title='bbox 998 2856 1087 2892; x_wconf 82' lang='lat' dir='ltr'>tuos...</span> <span class='ocrx_word' id='word_1_361' title='bbox 1097 2865 1109 2888; x_wconf 70' lang='lat' dir='ltr'>s</span> 
     </span>
     <span class='ocr_line' id='line_1_61' title="bbox 611 2919 1110 2994; baseline -0.016 -17"><span class='ocrx_word' id='word_1_362' title='bbox 611 2927 660 2978; x_wconf 85' lang='lat' dir='ltr'>etsi</span> <span class='ocrx_word' id='word_1_363' title='bbox 669 2942 727 2994; x_wconf 64' lang='lat' dir='ltr'>quse</span> <span class='ocrx_word' id='word_1_364' title='bbox 736 2935 896 2994; x_wconf 87' lang='lat' dir='ltr'>sequuntur,</span> <span class='ocrx_word' id='word_1_365' title='bbox 912 2943 923 2966; x_wconf 74' lang='grc' dir='ltr'><strong>α</strong></span> <span class='ocrx_word' id='word_1_366' title='bbox 934 2921 977 2971; x_wconf 84' lang='lat' dir='ltr'>Nil</span> <span class='ocrx_word' id='word_1_367' title='bbox 986 2919 1110 2988; x_wconf 86' lang='lat' dir='ltr'>equidem</span> 
     </span>
     <span class='ocr_line' id='line_1_62' title="bbox 611 2998 1110 3071; baseline -0.024 -15"><span class='ocrx_word' id='word_1_368' title='bbox 611 3006 678 3068; x_wconf 81' lang='lat' dir='ltr'>feci,</span> <span class='ocrx_word' id='word_1_369' title='bbox 696 3017 723 3053; x_wconf 88' lang='lat' dir='ltr'>tu</span> <span class='ocrx_word' id='word_1_370' title='bbox 738 3005 789 3053; x_wconf 89' lang='lat' dir='ltr'>scis</span> <span class='ocrx_word' id='word_1_371' title='bbox 803 3001 856 3052; x_wconf 85' lang='lat' dir='ltr'>boc</span> <span class='ocrx_word' id='word_1_372' title='bbox 872 3003 943 3071; x_wconf 84' lang='lat' dir='ltr'>ipse,</span> <span class='ocrx_word' id='word_1_373' title='bbox 958 2998 1068 3048; x_wconf 84' lang='lat' dir='ltr'>theatris</span> <span class='ocrx_word' id='word_1_374' title='bbox 1080 3021 1110 3068; x_wconf 61' lang='lat' dir='ltr'>s,</span> 
     </span>
     <span class='ocr_line' id='line_1_63' title="bbox 612 3081 1112 3138; baseline -0.016 0"><span class='ocrx_word' id='word_1_375' title='bbox 612 3087 756 3138; x_wconf 84' lang='lat' dir='ltr'>obscurant</span> <span class='ocrx_word' id='word_1_376' title='bbox 768 3103 832 3136; x_wconf 90' lang='lat' dir='ltr'>rern.</span> <span class='ocrx_word' id='word_1_377' title='bbox 847 3081 888 3132; x_wconf 79' lang='lat' dir='ltr'>Ad</span> <span class='ocrx_word' id='word_1_378' title='bbox 895 3081 951 3132; x_wconf 79' lang='lat' dir='ltr'>haec</span> <span class='ocrx_word' id='word_1_379' title='bbox 960 3092 1048 3130; x_wconf 90' lang='lat' dir='ltr'>tamen</span> <span class='ocrx_word' id='word_1_380' title='bbox 1057 3096 1112 3130; x_wconf 90' lang='lat' dir='ltr'>res·</span> 
     </span>
     <span class='ocr_line' id='line_1_64' title="bbox 611 3160 1112 3238; baseline -0.024 -21"><span class='ocrx_word' id='word_1_381' title='bbox 611 3165 733 3238; x_wconf 87' lang='lat' dir='ltr'>pondeas</span> <span class='ocrx_word' id='word_1_382' title='bbox 743 3202 749 3229; x_wconf 90' lang='lat'>,</span> <span class='ocrx_word' id='word_1_383' title='bbox 761 3163 853 3215; x_wconf 84' lang='lat' dir='ltr'>saltem</span> <span class='ocrx_word' id='word_1_384' title='bbox 863 3160 916 3212; x_wconf 84' lang='lat' dir='ltr'>hoc</span> <span class='ocrx_word' id='word_1_385' title='bbox 928 3161 1015 3230; x_wconf 89' lang='lat' dir='ltr'>ipsum</span> <span class='ocrx_word' id='word_1_386' title='bbox 1028 3175 1112 3209; x_wconf 86' lang='lat' dir='ltr'>exem·</span> 
     </span>
     <span class='ocr_line' id='line_1_65' title="bbox 611 3236 1110 3319; baseline -0.02 -24"><span class='ocrx_word' id='word_1_387' title='bbox 611 3245 700 3316; x_wconf 89' lang='lat' dir='ltr'>plum,</span> <span class='ocrx_word' id='word_1_388' title='bbox 721 3242 794 3314; x_wconf 88' lang='lat' dir='ltr'>quod</span> <span class='ocrx_word' id='word_1_389' title='bbox 811 3243 844 3293; x_wconf 88' lang='lat' dir='ltr'>de</span> <span class='ocrx_word' id='word_1_390' title='bbox 860 3238 963 3309; x_wconf 85' lang='lat' dir='ltr'>Virgilii</span> <span class='ocrx_word' id='word_1_391' title='bbox 979 3236 1110 3319; x_wconf 85' lang='lat' dir='ltr'>Bucolicis</span> 
     </span>
     <span class='ocr_line' id='line_1_66' title="bbox 612 3317 1111 3387; baseline -0.018 -14"><span class='ocrx_word' id='word_1_392' title='bbox 612 3337 788 3387; x_wconf 87' lang='lat' dir='ltr'>memoratur,</span> <span class='ocrx_word' id='word_1_393' title='bbox 809 3322 870 3371; x_wconf 86' lang='lat' dir='ltr'>satis</span> <span class='ocrx_word' id='word_1_394' title='bbox 888 3336 944 3370; x_wconf 82' lang='lat' dir='ltr'>esse</span> <span class='ocrx_word' id='word_1_395' title='bbox 960 3317 993 3368; x_wconf 83' lang='lat' dir='ltr'>ad</span> <span class='ocrx_word' id='word_1_396' title='bbox 1010 3334 1111 3366; x_wconf 91' lang='lat' dir='ltr'>morem</span> 
     </span>
     <span class='ocr_line' id='line_1_67' title="bbox 613 3396 1113 3464; baseline -0.016 -12"><span class='ocrx_word' id='word_1_397' title='bbox 613 3401 773 3454; x_wconf 88' lang='lat' dir='ltr'>testandum.</span> <span class='ocrx_word' id='word_1_398' title='bbox 786 3402 846 3450; x_wconf 71' lang='lat' dir='ltr'>flac</span> <span class='ocrx_word' id='word_1_399' title='bbox 854 3399 905 3448; x_wconf 86' lang='lat' dir='ltr'>nisi</span> <span class='ocrx_word' id='word_1_400' title='bbox 913 3409 1014 3462; x_wconf 88' lang='lat' dir='ltr'>essent,</span> <span class='ocrx_word' id='word_1_401' title='bbox 1027 3396 1113 3464; x_wconf 87' lang='lat' dir='ltr'>suspi-</span> 
     </span>
     <span class='ocr_line' id='line_1_68' title="bbox 614 3476 1113 3546; baseline -0.018 -13"><span class='ocrx_word' id='word_1_402' title='bbox 614 3501 704 3544; x_wconf 81' lang='lat' dir='ltr'>carer,</span> <span class='ocrx_word' id='word_1_403' title='bbox 715 3499 746 3532; x_wconf 86' lang='lat' dir='ltr'>ex</span> <span class='ocrx_word' id='word_1_404' title='bbox 755 3480 808 3531; x_wconf 74' lang='lat' dir='ltr'>set.</span> <span class='ocrx_word' id='word_1_405' title='bbox 817 3480 865 3544; x_wconf 90' lang='lat' dir='ltr'>Vl,</span> <span class='ocrx_word' id='word_1_406' title='bbox 875 3477 924 3530; x_wconf 83' lang='lat'>66:</span> <span class='ocrx_word' id='word_1_407' title='bbox 938 3497 949 3523; x_wconf 78' lang='lat' dir='ltr'>s</span> <span class='ocrx_word' id='word_1_408' title='bbox 959 3478 1048 3546; x_wconf 86' lang='lat' dir='ltr'>thue</span> <span class='ocrx_word' id='word_1_409' title='bbox 1056 3476 1113 3524; x_wconf 89' lang='lat' dir='ltr'>viro</span> 
     </span>
     <span class='ocr_line' id='line_1_69' title="bbox 615 3555 1115 3610; baseline -0.014 0"><span class='ocrx_word' id='word_1_410' title='bbox 615 3559 708 3610; x_wconf 84' lang='lat' dir='ltr'>Phoebi</span> <span class='ocrx_word' id='word_1_411' title='bbox 718 3558 815 3610; x_wconf 86' lang='lat' dir='ltr'>chorus</span> <span class='ocrx_word' id='word_1_412' title='bbox 826 3557 998 3608; x_wconf 80' lang='lat' dir='ltr'>assurrexerit</span> <span class='ocrx_word' id='word_1_413' title='bbox 1009 3555 1115 3605; x_wconf 79' lang='lat' dir='ltr'>omnis»</span> 
     </span>
     <span class='ocr_line' id='line_1_70' title="bbox 615 3629 1116 3709; baseline -0.016 -20"><span class='ocrx_word' id='word_1_414' title='bbox 615 3637 734 3709; x_wconf 86' lang='lat' dir='ltr'>lepidum</span> <span class='ocrx_word' id='word_1_415' title='bbox 752 3637 886 3688; x_wconf 89' lang='lat' dir='ltr'>hominem</span> <span class='ocrx_word' id='word_1_416' title='bbox 901 3629 1116 3686; x_wconf 56' lang='lat' dir='ltr'>hanc&#39;uarratio·</span> 
     </span>
     <span class='ocr_line' id='line_1_71' title="bbox 616 3714 1116 3783; baseline -0.012 -15"><span class='ocrx_word' id='word_1_417' title='bbox 616 3735 677 3768; x_wconf 89' lang='lat' dir='ltr'>nem</span> <span class='ocrx_word' id='word_1_418' title='bbox 692 3716 724 3768; x_wconf 95' lang='lat' dir='ltr'>de</span> <span class='ocrx_word' id='word_1_419' title='bbox 738 3716 816 3768; x_wconf 89' lang='lat' dir='ltr'>Gallo</span> <span class='ocrx_word' id='word_1_420' title='bbox 831 3717 858 3766; x_wconf 90' lang='lat' dir='ltr'>in</span> <span class='ocrx_word' id='word_1_421' title='bbox 873 3714 1010 3783; x_wconf 89' lang='lat' dir='ltr'>Virgilium</span> <span class='ocrx_word' id='word_1_422' title='bbox 1024 3722 1116 3783; x_wconf 85' lang='lat' dir='ltr'>argute</span> 
     </span>
     <span class='ocr_line' id='line_1_72' title="bbox 618 3791 1118 3858; baseline -0.02 -8"><span class='ocrx_word' id='word_1_423' title='bbox 618 3799 740 3850; x_wconf 91' lang='lat' dir='ltr'>conferre</span> <span class='ocrx_word' id='word_1_424' title='bbox 764 3797 815 3849; x_wconf 84' lang='lat' dir='ltr'>sibi</span> <span class='ocrx_word' id='word_1_425' title='bbox 837 3798 922 3847; x_wconf 88' lang='lat' dir='ltr'>visum</span> <span class='ocrx_word' id='word_1_426' title='bbox 946 3812 1012 3846; x_wconf 87' lang='lat' dir='ltr'>esse.</span> <span class='ocrx_word' id='word_1_427' title='bbox 1037 3791 1118 3858; x_wconf 88' lang='lat' dir='ltr'>Quod</span> 
     </span>
     <span class='ocr_line' id='line_1_73' title="bbox 619 3872 1117 3941; baseline -0.022 -11"><span class='ocrx_word' id='word_1_428' title='bbox 619 3877 697 3930; x_wconf 84' lang='lat' dir='ltr'>ovid.</span> <span class='ocrx_word' id='word_1_429' title='bbox 708 3877 788 3928; x_wconf 89' lang='lat' dir='ltr'>Trist.</span> <span class='ocrx_word' id='word_1_430' title='bbox 797 3876 843 3940; x_wconf 80' lang='grc' dir='ltr'>Ν,</span> <span class='ocrx_word' id='word_1_431' title='bbox 859 3891 903 3941; x_wconf 90' lang='lat'>10,</span> <span class='ocrx_word' id='word_1_432' title='bbox 915 3872 963 3939; x_wconf 65' lang='lat'>54:</span> <span class='ocrx_word' id='word_1_433' title='bbox 977 3895 989 3918; x_wconf 78' lang='lat' dir='ltr'>c</span> <span class='ocrx_word' id='word_1_434' title='bbox 999 3873 1117 3923; x_wconf 85' lang='lat' dir='ltr'>carmina</span> 
     </span>
    </p>
   </div>
   <div class='ocr_carea' id='block_1_9' title="bbox 71 3951 1120 4114">
    <p class='ocr_par' dir='ltr' id='par_1_14' title="bbox 71 3951 1120 4114">
     <span class='ocr_line' id='line_1_74' title="bbox 71 3951 1118 4035; baseline -0.015 -21"><span class='ocrx_word' id='word_1_435' title='bbox 71 3975 112 4014; x_wconf 88' lang='lat' dir='ltr'>ter</span> <span class='ocrx_word' id='word_1_436' title='bbox 122 3981 204 4035; x_wconf 87' lang='lat' dir='ltr'>quam</span> <span class='ocrx_word' id='word_1_437' title='bbox 213 3962 357 4034; x_wconf 80' lang='lat' dir='ltr'>Dialogum</span> <span class='ocrx_word' id='word_1_438' title='bbox 369 3961 402 4014; x_wconf 91' lang='lat' dir='ltr'>de</span> <span class='ocrx_word' id='word_1_439' title='bbox 415 3963 573 4014; x_wconf 85' lang='lat' dir='ltr'>Oratoribus</span> <span class='ocrx_word' id='word_1_440' title='bbox 621 3977 648 4010; x_wconf 85' lang='lat' dir='ltr'>se</span> <span class='ocrx_word' id='word_1_441' title='bbox 664 3957 770 4028; x_wconf 58' lang='lat' dir='ltr'>,populo</span> <span class='ocrx_word' id='word_1_442' title='bbox 783 3954 913 4025; x_wconf 79' lang='lat' dir='ltr'>juvenilia</span> <span class='ocrx_word' id='word_1_443' title='bbox 930 3952 1046 4023; x_wconf 76' lang='lat' dir='ltr'>legisse»</span> <span class='ocrx_word' id='word_1_444' title='bbox 1069 3951 1118 4013; x_wconf 91' lang='lat' dir='ltr'>ait,</span> 
     </span>
     <span class='ocr_line' id='line_1_75' title="bbox 74 4035 1120 4114; baseline -0.018 -20"><span class='ocrx_word' id='word_1_445' title='bbox 74 4060 133 4114; x_wconf 88' lang='lat' dir='ltr'>cap.</span> <span class='ocrx_word' id='word_1_446' title='bbox 147 4043 194 4109; x_wconf 87' lang='lat'>13,</span> <span class='ocrx_word' id='word_1_447' title='bbox 210 4043 306 4094; x_wconf 76' lang='lat' dir='ltr'>«testis</span> <span class='ocrx_word' id='word_1_448' title='bbox 318 4042 376 4112; x_wconf 86' lang='lat' dir='ltr'>ipse</span> <span class='ocrx_word' id='word_1_449' title='bbox 384 4041 511 4114; x_wconf 85' lang='lat' dir='ltr'>populus,</span> <span class='ocrx_word' id='word_1_450' title='bbox 520 4041 575 4111; x_wconf 87' lang='lat' dir='ltr'>qui,</span> <span class='ocrx_word' id='word_1_451' title='bbox 622 4035 657 4088; x_wconf 91' lang='lat' dir='ltr'>ad</span> <span class='ocrx_word' id='word_1_452' title='bbox 672 4037 842 4090; x_wconf 85' lang='lat' dir='ltr'>recitationes</span> <span class='ocrx_word' id='word_1_453' title='bbox 860 4051 923 4086; x_wconf 89' lang='lat' dir='ltr'>sane</span> <span class='ocrx_word' id='word_1_454' title='bbox 940 4041 1057 4101; x_wconf 84' lang='lat' dir='ltr'>spectat,</span> <span class='ocrx_word' id='word_1_455' title='bbox 1071 4044 1120 4077; x_wconf 88' lang='lat' dir='ltr'>nec</span> 
     </span>
    </p>
   </div>
   <div class='ocr_carea' id='block_1_10' title="bbox 0 0 1389 4592">
    <p class='ocr_par' dir='ltr' id='par_1_15' title="bbox 0 0 1389 4592">
     <span class='ocr_line' id='line_1_76' title="bbox 0 0 1389 4592; baseline 0 0"><span class='ocrx_word' id='word_1_456' title='bbox 0 0 1389 4592; x_wconf 95' lang='lat' dir='ltr'> </span> 
     </span>
    </p>
   </div>
  </div>
 </body>
</html>
