2704 4582
299 313 353 374 IN
376 309 610 374 AENEIDOS
633 309 726 372 LlB.
751 309 790 370 X.
837 345 840 352 ·
1003 337 1057 376 111

57 434 265 506 tsseadversum
280 437 419 509 Graecos,
439 457 504 496 non
521 455 592 494 cum
603 432 773 508 Diomede,
793 446 846 494 aut
857 433 991 511 Achille,
1012 441 1066 518 qui

29 541 30 604 p
56 525 203 603 pugnabant
213 546 232 584 e
244 546 339 584 curru
355 527 388 584 in
398 516 483 584 bello
496 521 648 602 Trojan03
663 542 763 602 neque
774 520 807 601 ¹id
820 523 938 584 bellum
954 545 1016 584 esse
1033 529 1066 586 in

29 605 30 626 ³
56 614 346 694 campismollissimae
355 613 515 694 Phrygiae,
530 611 583 672 sed
597 613 631 669 in
643 613 779 686 Latinis,
793 613 845 670 ubi
860 611 983 674 futurus
995 614 1066 674 finis

55 698 121 774 belli,
139 716 166 761 et
182 704 254 763 vitae
273 703 388 760 AEneae.
410 703 481 760 Non
499 701 651 758 assentior
670 701 905 779 interpretibus,
934 703 991 782 qui
1006 701 1067 762 hoe

56 788 163 850 referunt
172 793 209 852 ad
220 792 330 873 fugam
340 793 458 865 AEneae,
471 791 509 850 de
523 810 585 870 qua
595 789 747 848 Homerus
760 811 766 845 :
783 787 842 848 hoe
852 791 935 850 enim
946 791 1068 871 langui·

57 877 110 937 dum
125 896 196 942 esset
214 890 439 964 argumentum
458 881 592 960 Ligeris:
613 877 822 958 immofmgit
838 880 1020 942 Diomedem
1038 899 1068 942 et

57 967 175 1030 Achillem
187 975 220 1032 in
232 973 344 1053 fugam
357 992 461 1030 versos
474 993 491 1028 a
500 967 658 1048 Trojanis;
674 989 708 1026 ac
720 967 852 1047 proinde
864 972 929 1029 istis
941 973 1069 1035 Latinos

57 1055 165 1134 prefert,
184 1062 272 1140 quasi
286 1061 388 1131 dicat,
408 1079 472 1116 non
488 1077 595 1116 sumus
608 1053 748 1114 imbelles
762 1056 878 1131 Graeci,
900 1061 954 1138 qui
968 1059 1068 1140 fugia-

58 1163 117 1218 nus,
129 1162 155 1207 et
166 1171 243 1230 quos
257 1164 292 1209 tu
308 1151 422 1208 vincas.
577 1148 578 1152 ’

85 1235 134 1296 583.
153 1240 222 1298 Haec
236 1241 332 1318 Liger
349 1259 403 1318 per
420 1257 575 1296 summam
590 1235 796 1295 dementiam:
820 1237 872 1296 sed
891 1258 961 1296 vere
974 1239 1068 1317 dicta,

59 1321 109 1396 quia
122 1323 207 1404 longe
225 1347 245 1384 a
263 1325 373 1396 factis3
398 1336 428 1382 et
448 1344 518 1382 vere
536 1320 652 1395 volant,
681 1324 754 1402 quia
773 1321 891 1382 nullius
912 1325 1068 1406 ponderis.
1126 1390 1128 1395 ,

60 1407 243 1473 etruscorum
256 1429 360 1494 porat,
376 1435 440 1472 non
452 1413 531 1474 dieta
537 1458 546 1487 ,
560 1411 614 1472 sed
626 1411 724 1487 faeta;
739 1411 955 1495 quiajneulum
966 1418 997 1474 in
1008 1415 1072 1476 fros·

60 1509 96 1554 eu
106 1513 218 1582 torquem
232 1504 379 1564 videlicet
391 1505 423 1562 in
437 1507 614 1584 Lucagum,
629 1515 664 1560 ut
678 1505 780 1562 statim
793 1503 941 1584 explieat,
961 1527 1024 1564 non
1038 1509 1072 1564 in

59 1582 183 1664 ligerem:
202 1611 295 1665 nam,
315 1593 437 1650 tametsi
454 1601 643 1671 provocatus
661 1588 755 1670 hujus
772 1591 886 1662 verbis,
906 1591 1071 1654 videbatur

60 1671 81 1728 in
91 1674 163 1736 illum
173 1677 383 1758 jaculaturus3
398 1680 450 1740 sed
463 1693 545 1748 certe
559 1677 654 1738 verba
668 1681 786 1760 Ligeris
798 1680 902 1740 volare
914 1685 1071 1762 permisit;

59 1767 158 1826 attendit
171 1770 207 1827 ad
222 1769 309 1830 facta
323 1771 456 1852 Lucagi,
471 1771 525 1850 qui
538 1789 643 1829 ensem
657 1769 791 1831 rotabat.

86 1853 138 1916 586.
154 1858 256 1934 Quum
272 1863 416 1940 Lucagus
432 1857 572 1942 pendens
587 1859 620 1916 in
636 1859 763 1917 verbera
779 1879 873 1938 equos
888 1860 948 1920 telo
964 1864 1071 1924 stimu-

60 1935 137 2017 lasset,
145 1945 318 2030 laevumque
330 1947 438 2027 pedem
450 1946 642 2020 extenderet,
652 1958 687 2004 ut
696 1947 739 2004 ita
748 1967 779 2004 se
789 1945 828 2004 ad
839 1969 976 2028 pugnam
988 1971 1071 2010 com-

60 2047 164 2110 pararet,
176 2039 276 2099 AEneae
295 2037 385 2098 hasta
397 2035 522 2096 subiens
536 2057 591 2117 per
602 2037 699 2094 imam
711 2035 810 2116 clypei
821 2051 941 2118 partem
957 2037 1069 2100 laevum

61 2116 163 2197 luguen,
177 2127 259 2206 quod
269 2127 312 2187 ad
324 2148 463 2208 pugnam
472 2129 614 2205 Lucagus
623 2125 817 2198 extenderat,
833 2125 1019 2207 perforavit:
1036 2152 1072 2190 ae

60 2208 136 2268 statim
146 2215 233 2274 miser
245 2237 392 2276 excussus
404 2237 498 2275 curru
511 2212 700 2286 devolvitur,
714 2227 746 2272 et
759 2215 885 2273 interit:

91 2295 145 2372 591.
161 2299 293 2362 Insultat
310 2303 418 2362 AEneas
435 2305 558 2382 Lucago
576 2300 699 2358 cadenti
717 2321 734 2357 e
753 2321 861 2374 curru‘3
886 2301 981 2380 idque
1000 2325 1073 2364 cum

61 2375 171 2444 irrisione
182 2411 188 2445 :
199 2411 273 2448 nam
284 2389 368 2448 hanc
379 2411 414 2448 ex
425 2388 539 2448 habitu
550 2387 701 2446 orationis
713 2384 805 2445 debes
817 2407 989 2466 agnoscere.
1001 2391 1072 2449 Non

62 2466 137 2542 probo
146 2473 211 2534 illos
220 2521 228 2551 ,
238 2479 296 2558 qui
306 2477 493 2536 sententiam
506 2474 646 2534 referunt
657 2470 696 2528 ad
705 2474 833 2532 Homer.
848 2471 936 2532 Iliad.
951 2474 1074 2556 Simpli-

62 2552 255 2641 citerloquitnr
268 2587 275 2622 :
293 2585 358 2622 non
370 2577 400 2622 te
412 2563 485 2644 equi
500 2563 546 2620 tui
558 2556 740 2642 prodidere,
755 2562 788 2620 in
801 2559 916 2640 quibus
928 2563 1014 2622 nulla
1029 2583 1073 2622 se-

63 2643 232 2715 gnitiesmon
242 2647 375 2729 objectae
386 2650 445 2708 tibi
457 2669 542 2708 vanae
553 2649 671 2708 umbrae
681 2647 836 2707 hostium:
849 2663 882 2708 tu
893 2651 1073 2729 ipseexilis,

63 2738 202 2794 lucurrum
216 2737 353 2797 deseris:
375 2737 480 2794 statim
497 2734 535 2794 ad
554 2757 586 2796 se
604 2757 699 2818 equos
717 2736 825 2809 traxit;
847 2757 882 2795 ac
897 2751 965 2796 tum
980 2741 1073 2820 Liger

63 2819 187 2892 perculsus
205 2841 235 2884 et
255 2826 325 2884 fato
341 2823 461 2898 fratris,
483 2837 514 2881 et
532 2839 618 2884 metu
635 2846 691 2884 suo
708 2823 850 2904 delapsus
867 2844 883 2884 e
900 2845 1012 2899 curru,
1032 2826 1071 2884 ad

63 2905 434 2996 ·loeanusupplicabnndus
447 2915 583 2972 accessit.
965 2959 968 2964 ·

89 2993 141 3076 597.
162 3000 266 3082 Magni
291 2999 438 3074 affectus,
462 3013 495 3080 et
517 3002 656 3082 oppositi
680 2999 844 3081 praeteritae
861 2998 1069 3060 insultantis:

60 3077 195 3155 jactaverat
211 3093 304 3169 Liger
322 3091 356 3147 in
373 3090 501 3150 AEneam
520 3091 633 3164 miram
651 3090 828 3162 vesaniam3
853 3086 920 3165 jam
939 3101 1072 3154 mortem

64 3165 156 3234 horret:
171 3194 236 3238 orat
248 3177 339 3238 illum
356 3181 543 3260 peripsum,
559 3201 615 3260 per
626 3191 789 3261 parentes:
809 3174 884 3256 quid
897 3197 971 3235 vero
984 3190 1071 3238 tanto
1152 3186 1155 3194 '

64 3263 237 3326 eonatulsine
250 3281 283 3326 et
294 3265 372 3326 hanc
387 3269 519 3324 anintam
527 3311 536 3338 ,
557 3280 587 3325 et
598 3270 727 3326 miserere
742 3265 893 3346 precantis.
913 3262 995 3338 Quid
1020 3279 1072 3340 tu,

63 3343 161 3426 lector,
177 3344 234 3414 hoc
248 3353 379 3413 homine
399 3368 430 3412 et
444 3352 620 3413 dementius
637 3356 740 3436 prius,
759 3365 789 3410 et
800 3372 884 3409 nunc
905 3352 1075 3432 abjectius?

65 3439 128 3514 arqui
138 3441 238 3502 AEoeas
251 3441 304 3502 hic
320 3457 405 3502 totus
422 3441 511 3501 ferox
527 3457 654 3502 revocat
669 3443 716 3500 illi
732 3443 765 3498 in
782 3441 981 3517 memoriam,
1004 3465 1072 3524 quae

64 3525 128 3598 prius
137 3526 317 3608 jactaverat3
332 3531 477 3592 hortatur
491 3535 572 3592 mori
589 3547 623 3592 ut
638 3530 730 3606 velit,
752 3549 854 3612 neque
871 3527 1000 3590 fratrem
1021 3533 1074 3592 de-

64 3629 135 3673 serat:
147 3639 179 3680 ac
188 3623 237 3680 vix
249 3621 312 3682 hoc
322 3623 422 3698 dicto,
433 3623 539 3684 miseri
550 3622 688 3700 hominis
698 3634 803 3701 pectus
813 3620 967 3702 perforat,
983 3627 1073 3703 quasi

63 3693 200 3766 fenestram
212 3712 347 3791 aperiret
358 3713 484 3770 exiturae
496 3713 619 3770 animae.
1010 3761 1013 3768 .
1046 3708 1048 3714 ’

91 3787 145 3850 502.
159 3795 299 3876 Sequitur
310 3795 396 3866 velut
407 3797 619 3878 epiphonema
632 3797 788 3856 factorum
800 3797 900 3856 AEneae
909 3843 924 3871 ,.
937 3801 992 3877 qui
1008 3821 1023 3858 e
1059 3833 1072 3846 ·

64 3942 160 3995 cuminis
169 3949 316 4020 imperfecti
327 3953 470 4022 principio,
482 3952 529 4002 cui
573 3933 601 4002 in
619 3952 735 4020 antiquis
754 3927 891 4003 codicillus
909 3951 1070 4018 reperimus:
1113 3997 1117 4006 ,

65 4014 131 4088 ΠΨ,
142 4038 265 4089 cataruen
275 4031 330 4084 duo
340 4034 423 4086 verba
431 4035 529 4104 passim
576 4050 658 4102 quare
670 4030 717 4082 illa
728 4032 862 4099 praeterire
875 4029 967 4102 religio
981 4043 1028 4080 est.
1039 4031 1070 4080 P.
