2726 4592
263 277 269 288 ’
345 263 440 326 PER
462 264 625 330 ANNOS
648 265 874 332 DIGESTA.
1062 275 1124 344 303

98 379 246 442 afflictum
260 403 290 442 se
306 398 466 444 memoret.
479 386 559 445 Hinc
575 385 690 446 Tibulli
696 385 775 469 felix
790 387 950 470 quandam,
967 413 1046 456 nune
1055 419 1128 477 pau-

95 489 237 551 peraqer,
253 473 283 544 1,
300 495 330 547 1,
348 495 414 552 19...
430 474 478 534 23.
490 474 528 533 ef.
543 475 594 548 IV,
611 475 696 534 183...
713 497 778 555 ¹90·
792 479 970 558 Propertius
981 480 1018 542 de
1030 504 1061 542 se
1074 489 1126 562 IV,

100 577 123 630 1,
140 578 211 636 129,
224 562 303 620 Nem
316 575 366 620 tua
378 583 467 642 quum
482 559 567 622 multi
576 577 719 624 versarent
728 585 796 624 rura
800 560 933 647 juvenci,
943 567 1072 634 Abstulit
1078 595 1127 634 ex·

95 641 186 704 cultas
197 650 306 726 pertica
320 651 403 708 tristis
416 671 490 730 opes.
503 651 586 710 Dum
599 651 725 725 Fulvia,
739 651 781 710 M.
798 654 926 734 Antonii
939 675 1033 734 uror,
1044 661 1128 722 eolo·
1195 643 1201 666 Ι

96 734 217 794 uiarum
231 735 449 798 deductionem
462 739 495 796 in
509 740 569 798 viri
580 739 746 800 adventum
758 737 962 800 differendam
977 764 1042 806 esse
1055 770 1128 810 ean-

96 823 209 898 tendit,
223 826 258 882 L.
275 825 447 902 Antoniusg
460 827 557 886 Marci
571 826 682 902 frater,
697 826 827 902 Consul,
843 849 939 888 novas
952 845 982 890 et
997 834 1063 914 ipse
1081 859 1130 898 res

96 909 241 987 molitur,
256 925 286 971 et
302 915 417 994 partim
436 917 489 992 iis,
503 917 557 996 qui
579 917 703 992 praediis
714 927 748 990 ¹et
765 917 846 995 agris
861 918 925 976 suis
942 921 1129 1001 exciderant,

96 1017 187 1078 opem
203 1021 293 1059 suam
307 1001 501 1083 pollicenda,
515 1005 631 1086 partim
643 1005 792 1064 Caesarenn
807 1003 847 1064 ad
859 1017 1018 1068 veteranos
1031 1015 1133 1072 crimi-

95 1086 201 1144 nando
210 1108 376 1170 ,magnum
386 1093 551 1166 exercitum
563 1106 735 1174 comparat,
746 1090 926 1173 bellumque
937 1095 970 1152 in
981 1097 1132 1160 Caesarem

97 1189 210 1234 movet.

134 1268 170 1326 In
185 1264 240 1325 illa
254 1269 373 1348 agraria
386 1267 553 1348 largitione
565 1271 646 1347 (non
666 1271 750 1328 enim
767 1268 806 1328 ad
821 1267 914 1328 aliam
931 1271 1011 1332 trahi
1028 1295 1131 1355 posse,

97 1375 287 1436 quamquam
302 1378 349 1416 res
362 1358 547 1438 probatione
564 1359 613 1416 vix
629 1373 708 1438 eget,
724 1361 835 1418 Ruaeus
850 1358 996 1440 probavit
1008 1363 1047 1422 ad
1062 1367 1132 1425 Vir-

97 1443 163 1520 gilii
178 1445 284 1502 Vitam
298 1445 371 1524 713)
385 1449 477 1504 etiam
493 1445 641 1525 Virgilius
658 1467 748 1526 agros
767 1467 839 1506 suos
853 1462 1000 1528 paternos
1020 1453 1132 1514 amisit.

95 1529 160 1588 Etsi
175 1530 260 1588 enim
278 1531 442 1592 Mantuani
457 1530 538 1590 nihil
559 1533 591 1590 in
604 1533 796 1592 Triumviros
810 1536 1051 1612 commiserant,
1070 1559 1134 1597 ma·

96 1635 157 1694 gna
172 1629 277 1674 tamen
292 1637 438 1698 agrorum
452 1638 579 1677 suorum
589 1633 675 1698 parte
683 1617 806 1678 multati
822 1633 910 1695 sunt,
923 1623 1086 1701 quoniam,
1099 1637 1136 1683 ut

97 1706 206 1780 aiunt,
231 1706 503 1782 Cremonensium,
533 1709 587 1787 qui
609 1709 697 1766 Bruti
721 1722 751 1766 et
772 1710 866 1770 Cassii
888 1723 988 1790 partes
1012 1717 1136 1794 sequuti

96 1807 202 1866 erant,
224 1795 290 1872 agri
311 1797 475 1876 proscripti
493 1808 711 1854 veteranorum
729 1795 924 1872 cohortibus,
944 1821 1012 1880 quae
1027 1823 1063 1861 eo
1084 1801 1134 1862 de·

97 1879 200 1941 duetae
212 1895 315 1955 erant,
328 1903 391 1940 non
409 1881 622 1958 sufficiebant,
636 1883 697 1941 alia
712 1905 815 1944 caussa
829 1885 931 1944 editur
944 1887 1028 1967 apud
1044 1891 1135 1950 Pom-

97 1973 232 2054 ponium
246 1968 315 2030 sab.
331 1971 369 2029 ad
380 1973 446 2030 AEn.
457 1972 515 2046 IX,
525 1973 576 2048 28,
590 1971 671 2032 forte
682 1993 717 2032 ex
729 1974 830 2032 Servio
841 1975 998 2054 pleniore;
1011 1998 1137 2058 persua-

97 2063 185 2120 sione
204 2060 462 2118 Cremonensium
480 2059 668 2119 Mantuanos
687 2081 752 2118 non
773 2062 891 2120 misisse
908 2063 1058 2122 auxilium
1077 2069 1138 2126 Au-

97 2162 196 2230 gusto.
207 2149 278 2208 Jam
284 2147 451 2228 Virgilium
459 2149 590 2207 Romam
599 2147 770 2230 profectum
777 2149 941 2208 Octaviani
950 2149 1138 2215 liberalitate

97 2256 190 2322 agros
203 2257 273 2296 suos
285 2237 448 2316 recepisse3
464 2257 562 2316 quum
575 2248 676 2294 autem
687 2235 849 2294 Mantuam
861 2235 1007 2311 rediisset,
1022 2259 1136 2300 novam

96 2343 318 2388 veteranorum
328 2325 477 2404 injuriam
487 2338 646 2405 expertum
654 2343 732 2396 esse,
746 2345 781 2382 ex
791 2322 906 2402 Eclaga
914 2325 942 2398 I,
953 2339 982 2382 et
993 2326 1051 2401 IX,
1063 2333 1136 2388 satis

98 2427 237 2498 apparet.
250 2412 422 2472 Confirmat
435 2413 585 2471 Martialis
600 2411 688 2482 VIII,
702 2409 753 2484 56,
768 2413 875 2490 Jupera
886 2410 1138 2493 penlielerat(Vir·

97 2505 210 2586 gilius)
224 2505 333 2562 misera
344 2503 440 2562 uicina
455 2503 616 2572 Cremona,
631 2495 734 2557 Flebat
745 2512 773 2558 et
787 2497 923 2558 abductas
940 2502 1053 2581 Tityrus
1064 2526 1139 2584 seper

99 2614 174 2654 aues.
186 2593 261 2650 Risit
273 2593 380 2650 Tuscus
393 2610 477 2669 eques
494 2603 549 2648 ete.
563 2587 730 2646 Videamus
744 2607 829 2646 nunc
850 2608 903 2659 ea,
917 2608 986 2667 quae
1003 2591 1140 2652 aGram-

98 2682 237 2754 maticis,
249 2677 395 2760 pleraque
410 2675 470 2736 lide
483 2679 616 2753 incerta,
628 2675 803 2736 traduntur.

140 2771 171 2830 Si
185 2769 339 2829 Servianis
358 2766 478 2826 laciniis
498 2766 536 2824 ad
559 2766 621 2826 Ecl.
641 2766 701 2838 IX,
721 2786 754 2846 7,
774 2762 850 2822 fides
872 2763 1030 2840 habenda,
1045 2771 1077 2825 in
1092 2767 1140 2828 his

100 2857 201 2920 Italiae
222 2857 364 2938 partibus
387 2857 524 2916 Octauius
542 2858 646 2927 Musa,
668 2851 807 2913 limitatur
823 2851 859 2910 ab
877 2856 1008 2935 Augusto
1027 2855 1140 2916 dutus...

100 2947 266 3031 quindecim
281 2943 375 3004 millia
388 2965 524 3026 passuum
539 2946 602 3025 apri
611 2944 772 3004 Mantuani
786 2939 938 3000 militibus
953 2943 1140 3020 assignarat,

99 3057 192 3119 quum
199 3036 394 3094 Cremonensis
407 3055 468 3092 non
481 3031 636 3116 sufficerem
649 3032 775 3114 offensus
786 3052 805 3088 a
815 3031 998 3100 Mantuanis,
1010 3029 1088 3108 quael
1094 3053 1140 3111 pe-

100 3146 171 3185 cora
185 3120 245 3205 ejus
260 3125 291 3180 in
301 3143 371 3203 apro
384 3118 500 3202 publico
514 3117 673 3201 aliquanda
685 3117 859 3180 clausissent.
878 3115 1021 3194 Alfenum
1035 3129 1141 3182 tamen

100 3213 222 3270 Varum
242 3223 426 3268 metatorem
447 3207 512 3266 edit
531 3208 589 3266 alia
609 3210 642 3266 in
664 3207 774 3266 iisdem
791 3206 931 3276 alterius,
949 3218 986 3261 ut.
1003 3203 1140 3284 videtur,

102 3299 309 3362 Grammatici
322 3298 434 3358 lacinia
447 3297 485 3354 ad
500 3318 529 3355 v.
547 3317 596 3371 ιο,
610 3296 695 3379 Qupd
705 3294 757 3354 alii
769 3295 870 3354 dieunt
881 3277 1036 3372 ldryittam
1048 3308 1142 3354 osten·

101 3391 168 3451 dere
181 3385 315 3460 ualuisse,
329 3385 408 3467 quod
419 3388 592 3446 Mantuanis
603 3407 656 3466 per
664 3386 844 3464 iniquitatem
855 3378 984 3461 Alpheni
997 3383 1082 3454 Vari,
1092 3385 1143 3463 qui

102 3497 190 3556 apros
201 3474 309 3544 divisit,
323 3486 425 3554 prater
435 3469 575 3552 palustria
589 3468 666 3530 nihil
676 3467 805 3531 relietum
817 3471 867 3541 sit,·
882 3471 956 3529 sicut
965 3488 1000 3528 ex
1014 3472 1143 3529 oratione

102 3559 231 3628 Cornelii
241 3561 272 3620 in
281 3557 450 3642 Alplienum
459 3559 629 3620 ostenditur:
644 3557 769 3632 «Quum
779 3555 881 3636 jussus
895 3558 954 3614 tria
966 3555 1064 3616 millia
1078 3579 1143 3638 pas-

102 3674 154 3720 sus
168 3673 183 3708 a
197 3651 329 3709 muroin
339 3649 456 3708 diuersa
470 3649 657 3729 relinquere,
668 3660 702 3704 ut
715 3646 909 3725 octingentos
922 3666 1027 3726 passus
1039 3667 1143 3726 aquae,

101 3759 166 3819 qua
176 3734 368 3797 circumdata
380 3748 437 3811 est,
445 3734 638 3794 admetireris
644 3778 653 3806 ,
666 3733 829 3813 reliquisti.
840 3757 853 3786 u
864 3731 1033 3792 Praeclarus
1046 3732 1144 3805 locus,

101 3825 200 3886 modo
211 3845 277 3883 non
292 3837 370 3883 esset
381 3825 520 3884 mutilus.
528 3826 630 3884 Tertio
640 3823 709 3881 loco
717 3823 854 3907 Asinium.
862 3818 1039 3893 Pollionem,
1051 3841 1143 3902 quem

101 3918 135 3976 in
148 3913 198 3974 his
211 3914 301 3975 terris
312 3933 384 3972 cum
399 3915 529 3994 imperio
543 3912 638 3974 fuisse
651 3931 743 3993 supra
758 3909 909 3984 vidimus,
923 3909 1143 3971 distribuendis
