2742 4596
254 303 318 382 400
608 291 937 358 rasrruouia

253 395 481 506 Cartliagoque
494 414 556 477 fuit
567 415 670 502 captis
682 411 828 480 Phaeacia
840 415 945 480 terris.

251 527 412 595 Barbarus
425 519 582 586 interimit
595 519 739 586 Pallanta
751 519 805 588 hic
817 523 964 602 Turnus,
977 537 1010 586 at
1022 523 1088 588 illic

251 639 315 702 Dat
326 635 392 698 leto
405 631 566 718 insignem
577 628 764 693 Patroclum
776 629 936 696 maximus
950 632 1083 696 Hector.

249 750 291 812 At
302 745 455 808 Turnum
467 740 583 802 AEneas
596 736 719 825 Stygias
732 734 824 801 dedit
835 737 883 802 irc
895 736 957 804 sub
970 738 1119 816 umbrae,

251 856 394 918 Hectora
406 843 651 933 magnanimum
662 843 730 908 leto
743 842 798 908 dat
810 867 947 932 magnus
960 844 1112 910 Achilles.

249 962 268 1026 J
272 958 361 1047 urgia
373 952 511 1018 Drancis
523 951 611 1015 enim
625 967 658 1016 et
669 951 791 1030 Turni,
804 951 845 1016 lis
857 951 912 1015 illa
923 953 1063 1018 molesta

249 1061 370 1130 Pelidae
382 1057 507 1146 magni,
521 1072 553 1121 et
564 1055 628 1120 late
641 1057 807 1144 regnantis
819 1055 952 1122 Atridae.

249 1167 382 1257 Singula
393 1163 549 1228 ludorum
561 1163 672 1250 posuit
683 1163 861 1228 certamina
873 1180 1030 1254 uterque;

247 1279 316 1342 Nec
328 1271 468 1358 mutavit
479 1271 568 1336 enim
580 1268 777 1360 quidquam,
790 1271 854 1336 nisi
866 1272 967 1349 forte,
981 1268 1072 1360 quod
1084 1269 1182 1340 alter·

248 1384 397 1467 Quatuor
408 1377 442 1440 in
455 1399 570 1442 currus
582 1374 706 1466 pandas
714 1374 812 1442 'dedit
823 1378 871 1443 ire
884 1379 1031 1448 carinas..

555 1512 563 1544 ¹
728 1547 815 1608 vu.

303 1715 337 1780 C.
350 1713 505 1805 Sulpicius
518 1712 713 1804 Apollinaris
728 1711 993 1800 Carthaginiensis
1007 1711 1237 1776 Grammaticus

549 1821 582 1882 in
595 1817 756 1884 AEneidcm
773 1818 807 1882 V
804 1818 995 1908 irqilsanam.

248 1993 395 2056 iusserat
405 1986 477 2053 haec
487 1985 610 2077 rapidis
622 1987 748 2052 aboleri
760 1991 904 2054 carmina
915 1989 1055 2054 flammis
1125 2060 1128 2072 Ι

291 2098 461 2186 Virgilius,
475 2096 653 2187 Phrygium
665 2119 740 2186 quae
752 2099 902 2164 cecinere
915 2096 1044 2163 ducem.

247 2207 360 2272 Tucca
371 2218 473 2283 vetat,
486 2204 671 2294 Variusque
684 2205 782 2270 simul
793 2230 800 2268 :
813 2221 865 2285 tu,
878 2204 1018 2270 maxime
1030 2205 1153 2284 Gaesar,
1164 2217 1180 2226 ·’

291 2317 367 2380 Nou
379 2312 472 2392 sinis,
486 2329 518 2377 et
530 2313 630 2376 Latiae
643 2313 786 2378 consulis
797 2311 953 2378 historiae.

248 2422 371 2488 infelix·
379 2421 511 2511 gemino
524 2419 643 2486 cecidit
654 2445 759 2510 prope
772 2424 954 2509 Pergamon
966 2420 1047 2508 igni,

292 2533 333 2596 Et
344 2552 439 2618 paene
452 2547 501 2595 est
512 2529 576 2594 alio
588 2529 688 2620 Troja
700 2545 843 2594 cremata
853 2552 943 2618 rogo.
1022 2614 1024 2618 .

708 2701 818 2764 Vlll.

259 2871 396 2935 Imitatio
411 2866 546 2958 ejusdcm
556 2892 565 2932 :
577 2866 698 2933 Phocus
711 2868 954 2948 Grammaticus,
969 2869 1198 2959 exfrapmento
1211 2869 1280 2932 vita
1358 2893 1359 2914 ι

702 2971 736 3035 V
734 2971 837 3060 irqilii.
941 3009 946 3018 ·

248 3135 400 3198 Carmina
410 3128 566 3217 Virgilius
579 3127 757 3220 Phrygium
768 3130 942 3220 prodentia
953 3133 1095 3197 Martem

293 3241 411 3306 Secum
423 3235 513 3300 fatali
521 3237 664 3327 jusserat
675 3237 751 3324 igne
763 3239 858 3304 mori.

249 3347 360 3408 Tucca
371 3358 482 3430 negat,
494 3343 611 3408 Varius
622 3342 777 3432 prohibet
789 3369 796 3408 :
810 3343 1037 3432 superaddito,
1050 3349 1173 3423 Caesar,

294 3451 440 3528 Nomen;
451 3449 485 3512 in
498 3453 599 3516 AEnea
611 3474 679 3516 non
691 3454 768 3518 sinis
781 3475 852 3519 esse
864 3455 966 3519 nefas.

250 3555 280 3618 Ο
292 3576 390 3641 quam
403 3576 496 3642 paene
508 3556 628 3621 iterum
640 3560 812 3647 geminasti
824 3560 940 3625 funere
952 3561 1069 3640 funus,

294 3657 393 3748 Troja
404 3657 454 3724 bis
467 3659 616 3726 interitus
629 3685 741 3732 caussa
753 3666 937 3732 futura‘tui!

287 3823 353 3876 Vlll.
367 3824 391 3891 4.
404 3825 432 3876 F.
446 3825 479 3878 In
489 3787 592 3882 ¹AErrecsu
603 3848 638 3882 aa
650 3830 717 3884 sinis.
