2726 4592
237 269 299 332 302
409 262 444 324 P.
467 257 697 322 VIRGILH
718 257 949 324 Minonis
971 260 1090 324 VITA

235 401 323 472 parte
334 386 421 456 sitos,
436 401 503 462 quae
515 380 589 440 olim
600 379 638 438 ad
651 379 813 438 Thraciam
825 382 1021 461 pertinuerat.
1031 384 1141 442 Brutus
1150 396 1182 442 et
1197 383 1261 444 Cas-

237 479 297 536 sius
316 493 346 532 se
369 491 423 530 sua
442 489 536 527 manu
556 466 754 528 interficiunt.
773 469 819 528 De
836 490 940 549 pugna
961 470 1000 528 ad
1018 469 1182 552 Philippos
1202 471 1260 530 vid.

237 565 348 642 Georg.
360 561 390 632 1,
403 555 475 633 489,
495 576 560 636 sqq.
577 557 620 614 M.
641 556 794 614 Antonius
813 555 851 614 ad
870 577 917 616 res
938 559 1014 618 Asiae
1033 555 1262 618 constituendas

236 647 372 710 discedit.
386 645 576 704 Octavianus
589 645 622 704 in
635 642 757 702 ltaliam
768 644 863 718 redit,
879 644 918 704 ad
932 666 1022 726 agros
1036 659 1066 705 et
1077 648 1205 728 praemia
1218 647 1261 706 in·
1340 687 1346 702 .

236 755 282 800 ter
295 750 453 796 veteranos
468 732 692 792 distribuenda.

273 827 319 889 Ad
330 827 455 886 Caesaris
466 824 725 883 consecrationem
737 843 829 902 quam
842 823 995 898 diximus,
1009 822 1130 886 nobiles
1142 825 1189 884 illi
1201 843 1263 882 ver·
1343 811 1346 820 ¹

234 938 286 979 sus
301 926 437 994 spectant
451 912 518 971 AEn.
531 913 559 986 l,
574 931 661 990 290...
677 909 750 990 294,
764 914 906 972 Nascetur
918 911 1039 995 pulchra
1055 910 1197 996 Tuu'anus
1211 912 1263 970 ori·

234 1009 301 1088 qine
316 1005 493 1076 Caesarue,
503 1013 533 1059 et
546 1001 605 1075 Vl,
620 1021 694 1081 790,
710 997 757 1060 hic
772 1002 877 1076 Caesar,
890 1015 917 1062 et
932 1006 1026 1062 omnis
1035 1000 1095 1062 tati
1112 1001 1263 1082 Proqeuies

235 1111 375 1174 maqnum
391 1087 455 1150 eceli
467 1102 586 1150 ventura
599 1088 650 1148 sub
664 1110 757 1148 axem.
774 1090 819 1148 De
833 1089 938 1150 eadem
958 1093 1202 1164 consecratione,
1214 1108 1263 1147 seu

236 1181 396 1264 apotheosi
411 1201 501 1261 agere
519 1180 613 1260 vulgo
635 1181 827 1238 existimatur·
840 1179 989 1262 Daphnis,
1004 1181 1117 1261 Ecloga
1132 1184 1169 1241 V.
1184 1180 1265 1239 Mar·

235 1276 317 1333 tinus
336 1269 418 1350 (Life
437 1271 475 1352 os
489 1271 518 1332 V
517 1267 584 1350 iryt'l
597 1291 626 1350 p.
645 1269 757 1344 XLVI,
781 1282 810 1328 et
823 1269 860 1328 ad
871 1269 935 1330 Ecl.
946 1272 983 1334 V.
1002 1272 1054 1346 86,
1070 1292 1122 1344 20,
1142 1269 1193 1338 523
1209 1269 1265 1338 IX,

239 1363 291 1440 ro)
304 1359 364 1419 hoc
381 1359 447 1438 ipso
463 1377 587 1436 quoque
604 1377 687 1414 anno
709 1377 777 1416 eam
796 1358 940 1437 scriptam
963 1377 1027 1418 esse
1048 1357 1215 1428 statuebat3
1234 1365 1266 1411 ut

236 1447 314 1508 adeo
327 1443 496 1504 Octaviano
511 1444 621 1502 Caesari
634 1442 698 1523 jarn
713 1456 778 1502 tum
797 1446 884 1503 Maro
899 1444 1133 1506 commendatus
1150 1462 1213 1502 esse
1224 1440 1266 1497 vi·

236 1537 300 1596 deri
314 1533 437 1606 debeat3
450 1532 543 1613 idque
556 1531 614 1591 hoc
627 1535 694 1612 ipso
707 1534 842 1592 carmine
852 1533 968 1592 factum
984 1556 1046 1594 esse
1057 1558 1065 1609 ¹,
1078 1533 1121 1594 ib.
1137 1554 1206 1614 pag.
1219 1529 1266 1588 LI.

235 1625 266 1685 si
280 1621 357 1680 mihi
370 1618 434 1679 haec
446 1617 635 1698 conjectura,
649 1641 704 1698 per
718 1641 750 1680 se
763 1619 934 1682 admodum
946 1620 1035 1696 levis,
1050 1643 1123 1680 narn
1136 1640 1191 1679 cur
1203 1636 1267 1675 non

236 1709 352 1769 multos
364 1718 433 1786 post
443 1725 543 1764 annos
552 1703 689 1784 ejusdem
700 1708 743 1764 rei
758 1710 905 1766 memoria
919 1709 1033 1788 pariter
1044 1709 1123 1766 bene
1134 1704 1270 1764 carmine

237 1797 304 1857 fieri
319 1792 483 1875 potuisset?
496 1795 521 1850 si
536 1807 638 1852 tamen
651 1793 828 1872 conjectura
842 1794 905 1854 haec
919 1795 957 1856 de
969 1817 1067 1870 anno,
1081 1815 1143 1874 quo
1156 1793 1268 1872 scripta

238 1883 402 1962 sitEcloga
414 1883 452 1958 V,
470 1879 622 1940 firmanda
643 1897 734 1958 esset,
753 1882 839 1942 aliud
858 1883 1019 1964 aliquanto
1038 1883 1160 1946 firmius
1183 1901 1269 1960 argu·

238 1985 377 2032 mentum
389 1968 546 2028 afferrem:
560 1971 593 2028 in
606 1971 647 2028 IX
659 1971 721 2030 Ecl.
735 1993 764 2030 v.
781 1993 829 2051 19,
842 1985 893 2047 20',
905 1973 975 2054 Quis
986 1966 1271 2050 caneretuymphas?

238 2062 301 2142 quis
313 2056 433 2117 humum
438 2056 610 2140 florentibus
625 2057 716 2118 herbis
729 2062 899 2142 Spaiperets’
917 2074 970 2120 aret
981 2060 1171 2142 viridifoutes
1186 2054 1270 2116 indu·

238 2161 311 2210 eeret
325 2145 448 2207 umbra?
471 2144 554 2205 haud
571 2146 665 2207 dubie
679 2148 718 2206 ad
732 2149 796 2208 Ecl.
813 2152 850 2224 V,
869 2171 920 2222 20,
939 2147 991 2226 Ito,
1011 2151 1187 2231 respicitur3
1203 2165 1270 2206 earn

239 2240 342 2317 itaque
359 2255 458 2312 nona,
476 2256 568 2316 quam
591 2258 618 2295 a.
641 2237 716 2318 713,
736 2240 883 2320 scriptam
906 2259 968 2300 esse
992 2238 1112 2320 liquido
1134 2246 1272 2306 constat,

239 2325 374 2407 priorem
389 2343 467 2399 esse,
479 2344 599 2384 necesse
613 2338 667 2386 est.

665 2476 705 2538 U.
721 2477 756 2538 C.
775 2476 847 2562 713.

369 2613 406 2676 P.
419 2611 569 2677 Seruilius
583 2615 677 2679 Vatia
689 2617 845 2701 Isauricus
857 2616 898 2678 II
901 2640 910 2678 :
921 2615 958 2679 L.
974 2617 1137 2679 Antour'us.

529 2721 570 2782 A.
585 2719 617 2783 C.
633 2725 684 2801 41.
705 2722 737 2783 V
735 2721 831 2809 irqilt‘t'
842 2722 980 2808 29—30.

279 2867 465 2931 Octavianus
478 2869 577 2928 Caesar
587 2871 717 2930 Romam
731 2891 880 2944 reversus,
891 2870 966 2930 dum
981 2871 1130 2930 veteranis
1146 2870 1274 2950 praemia
1344 2927 1345 2934 ἶ

240 2956 431 3040 persolvere,
448 2976 559 3036 eosque
578 2959 611 3016 in
624 2980 712 3038 agros
727 2957 928 3040 municipales
943 2958 1070 3018 ltaliaea
1090 2959 1276 3016 Triumviris
1344 2953 1345 2982 ³

240 3049 408 3129 promissos
431 3045 581 3105 deducere
608 3048 757 3122 instituit,
780 3050 917 3128 ingentes
938 3069 994 3129 per
1014 3045 1134 3106 ltaliam
1152 3047 1275 3116 turbas,

240 3137 353 3220 partim
368 3153 491 3206 eorum,
502 3136 554 3214 qui
566 3137 813 3216 possessionibus
826 3138 889 3196 suis
901 3133 1117 3216 ejiciebantup,
1131 3131 1277 3212 indigna-

243 3230 340 3296 tione,
354 3224 467 3303 pertim
481 3222 617 3283 militurn
635 3225 746 3284 effreni
765 3226 935 3306 cupiditate
950 3237 980 3284 et
994 3223 1139 3295 audacia,
1154 3221 1194 3281 de
1216 3243 1275 3302 qua

239 3338 267 3374 v.
280 3313 411 3393 Appian.
426 3332 456 3390 p.
477 3313 550 3371 1082
568 3333 633 3392 sqq.
648 3315 782 3372 Dionem
796 3316 881 3373 Cass
899 3314 1025 3385 XLVII,
1041 3333 1090 3392 17,
1108 3309 1218 3369 Vellei.
1233 3312 1275 3382 ll,

241 3401 292 3486 74,
304 3401 428 3460 excitari
438 3399 530 3464 videt.
546 3400 613 3476 Qua
627 3400 665 3460 de
678 3423 710 3460 re
721 3425 751 3462 v.
764 3405 990 3483 Argumentum
1002 3399 1066 3460 Ecl.
1077 3402 1099 3458 1.
1113 3402 1276 3460 Latissime

240 3506 343 3550 autam
362 3487 519 3546 calamitas
540 3488 594 3547 iila
610 3503 639 3548 et
658 3489 696 3548 ad
714 3490 963 3572 quamplurimos
979 3491 1132 3570 pertinere
1150 3489 1278 3558 debuit,

241 3583 282 3640 ita
292 3591 326 3637 ut
336 3578 477 3634 maximae
489 3575 687 3636 fortunarum
702 3581 916 3640 conversiones
928 3581 1178 3659 insequerentur3
1192 3576 1278 3636 unde
1343 3627 1344 3656 ἦ

241 3685 271 3730 et
284 3667 436 3727 Antonius
452 3667 534 3746 apud
547 3670 723 3749 Appianum
734 3692 763 3750 p.
783 3671 872 3751 1075,
887 3669 987 3729 dicere
1001 3670 1117 3749 potuit,
1133 3668 1277 3728 Octavia·
1343 3703 1344 3719 ÷

240 3775 317 3817 num
329 3754 361 3810 in
375 3751 494 3812 Italiam
510 3755 581 3830 isse,
594 3758 619 3814 si
631 3777 677 3815 res
693 3756 821 3818 dicenda
837 3758 890 3832 sit,
906 3771 1065 3836 tamquam
1080 3776 1209 3814 omnem
1222 3756 1278 3813 Ita-

240 3845 316 3904 liam
337 3837 459 3898 sedibus
477 3844 538 3901 suis
553 3860 743 3920 amoturum,
762 3852 910 3908 ἀναστήσων
924 3850 970 3908 τὴν
985 3839 1094 3904 icatidas.
1111 3846 1172 3904 Vix
1190 3845 1277 3903 enirn

240 3945 284 3991 ast
298 3947 384 3992 exea
403 3939 492 3986 aetate
505 3945 614 4010 poete,
634 3947 686 4006 aut
697 3935 840 4016 scriptor,
855 3934 908 4014 qui
923 3953 987 3994 non
1006 3933 1167 3994 communi
1188 3929 1278 3991 clade
