2706 4596
254 281 317 364 546
612 284 677 348 DE
699 283 933 348 VIRGILll

292 406 395 466 Etiam
409 405 552 479 osonio,
566 425 582 464 e
595 405 683 488 prelo
696 403 907 468 Clarendonio
925 408 1016 487 1795,
1031 411 1131 469 exiere
1144 413 1181 470 P.
1198 413 1233 474 V.
1245 413 1291 472 Μ.

254 495 366 577 Opem,
394 492 461 554 locis
476 491 622 575 purullelt's
643 516 679 553 ex
698 494 878 576 scriptoribus
897 509 926 556 et
944 500 1167 558 annotationum
1187 498 1285 559 deleuit

251 583 394 645 illustrata
408 585 439 642 in
457 603 540 642 usum
549 577 727 664 juveruutis:
745 603 805 642 ecc.
824 580 932 644 tabule
949 583 1145 666 peoqruplticoe
1165 599 1193 646 et
1210 587 1286 646 index

252 672 502 734 Maittairr'anusn
517 665 598 728 Voll.
617 670 645 730 8.
661 667 733 748 maj.
747 672 894 750 Expressa
909 685 955 729 est
967 669 1064 731 editio
1079 673 1254 754 Lipsiensis.

291 753 671 818 Exaliiscommemorobo
681 755 850 816 editionem
861 757 1017 817 criticam:
1035 760 1072 816 P.
1088 761 1124 820 V.
1135 763 1181 819 M.
1200 761 1285 841 Opem

251 848 436 920 emmaum,
453 859 481 908 et
493 844 599 906 notulis
615 842 777 906 illustrabat
790 843 933 906 Gilbertus
948 849 994 907 W
990 844 1112 928 ultefield
1120 849 1160 907 A.
1173 853 1209 908 B.
1223 848 1286 910 coll.

249 943 304 1001 Jes.
320 939 403 1000 Cant.
420 955 520 1016 nuper
533 935 648 1006 socius;
661 932 731 992 Vol.
747 933 770 991 l.
783 933 821 992 ll.
836 934 974 994 Londini
987 936 1137 1016 impensis
1150 937 1286 1016 Koursley

253 1026 338 1109 1796.
352 1027 380 1086 8.
393 1022 574 1084 Plaudimus
585 1023 714 1100 ingenio
726 1022 785 1080 viri
797 1021 986 1098 doctissimi,
997 1038 1075 1082 etex
1088 1025 1145 1099 iis,
1161 1046 1231 1106 quae
1242 1047 1288 1084 seu

250 1129 340 1176 acute
352 1115 520 1194 perspexit,
529 1131 583 1170 seu
594 1107 727 1168 fidenter
738 1109 887 1190 conjecit,
898 1111 1025 1171 utiliora
1035 1125 1089 1170 eut
1098 1114 1220 1172 veriora
1230 1135 1290 1195 pss-

249 1206 352 1264 simin
366 1201 424 1262 bae
435 1201 606 1260 novissima
624 1198 761 1258 editione
782 1201 989 1262 enutrivimus.
1003 1203 1206 1262 Praecesserut
1223 1205 1288 1285 1788

248 1294 472 1372 Georgicorum
485 1289 596 1362 editio,
607 1285 702 1346 simili
717 1287 812 1347 modo
827 1287 988 1349 adornate.

288 1381 384 1441 Mein
398 1375 619 1438 recentioribus
634 1373 828 1437 editionibus
849 1399 915 1437 non
932 1381 1000 1459 pari
1017 1377 1183 1461 diligentie
1199 1401 1286 1462 quarn

248 1473 283 1530 in
297 1464 529 1550 antiquioribus
543 1485 608 1524 esse
623 1478 798 1539 versutum,
811 1463 905 1525 facile
919 1466 1017 1526 lector
1030 1468 1136 1547 potuit
1153 1469 1288 1527 animad-

247 1571 374 1618 vertere.
393 1557 464 1614 Non
483 1555 567 1612 enirn
584 1553 705 1612 consilii
724 1555 786 1612 mei
804 1555 978 1614 rationibus
995 1553 1057 1614 hoc
1077 1558 1287 1616 conveniebat.

246 1647 455 1730 Repetitiones
468 1641 538 1702 edd.
554 1641 656 1702 omisi.
669 1642 715 1700 De
728 1639 776 1700 his
791 1640 898 1716 adeat,
913 1644 967 1722 qui
982 1641 1081 1716 volet,
1096 1645 1288 1723 Bipontinos.

287 1735 333 1794 Ita
346 1751 471 1814 qnoque
483 1730 521 1788 de
532 1729 657 1800 ceteris,
671 1747 741 1808 quae
754 1729 819 1788 sive
838 1728 877 1787 ad
892 1727 1061 1788 literarium
1076 1749 1158 1803 rem,
1170 1731 1237 1788 sive
1253 1730 1287 1789 ad

246 1822 349 1880 varios
362 1817 594 1898 philologorum
606 1827 635 1874 et
644 1815 824 1874 criticorum
832 1815 955 1876 libellos
964 1829 1120 1896 spectant,
1131 1815 1170 1874 ed
1179 1818 1290 1876 Biblio-

244 1907 368 1970 thecam
374 1904 740 1977 Fabricio-Ernestinam,
746 1904 820 1964 etad
828 1904 1290 1985 Harlesiidiligentiumremitto

247 2018 317 2072 eos,
331 2015 465 2076 quorum
480 1995 609 2052 interest
623 2012 658 2050 ea
671 2013 865 2072 cognoscere.

285 2086 448 2145 versiones
461 2081 585 2162 Virgilii
605 2083 761 2141 variarum
779 2082 958 2164 linguarum
978 2085 1080 2143 varias
1099 2105 1290 2145 commemo·

246 2197 325 2250 rere,
335 2173 435 2248 multo
446 2173 550 2232 minus
563 2191 616 2230 seu
628 2172 694 2246 otii,
707 2191 759 2230 seu
771 2173 897 2232 consilii
909 2173 1006 2233 nostri
1020 2185 1094 2232 erat.
1107 2174 1155 2233 De
1166 2174 1290 2234 Gallicis

245 2265 365 2326 consuli
378 2275 481 2345 potest
495 2258 567 2320 abb.
580 2258 745 2340 Goujetus,
764 2260 960 2342 Bibliotbdqne
979 2265 1150 2342 Francuise,
1169 2262 1243 2322 Vol.
1257 2266 1291 2337 V,

245 2353 335 2436 chap.
349 2351 382 2428 4,
391 2365 430 2410 et
444 2347 600 2430 Cutolopue
611 2348 659 2408 des
670 2351 766 2409 Limes
780 2351 925 2432 imprimes
935 2349 971 2410 de
987 2349 1017 2408 la
1027 2349 1163 2410 Bibliotlr.
1176 2350 1220 2410 du
1233 2354 1290 2410 Rei.

245 2447 343 2503 Poetes
359 2463 390 2500 n.
409 2461 467 2520 922
486 2459 552 2519 sqq.
574 2436 613 2496 de
626 2438 755 2514 Italicis,
774 2438 903 2520 Quadrio
924 2437 1001 2498 della
1016 2441 1113 2500 Storio
1132 2442 1294 2521 ellaqr'one

244 2533 340 2614 degni
350 2532 453 2590 Poesio
463 2541 491 2588 et
500 2530 658 2588 Fortuninr'
666 2525 824 2590 Bibliotecu
839 2528 903 2589 dell'
912 2529 1080 2609 Eloquenra
1092 2527 1226 2588 ltaliano
1244 2551 1293 2589 eon

245 2619 270 2680 le
279 2619 475 2678 Annotozr'oni
484 2615 548 2677 dell'
556 2611 691 2697 Apostolo
705 2619 802 2692 Zeno,
813 2639 879 2700 cap.
889 2619 934 2677 V:
951 2618 985 2676 it.
1001 2615 1139 2698 Catuloqo
1153 2616 1236 2677 dello
1250 2619 1292 2676 Lr'-

246 2709 339 2770 breria
353 2709 496 2790 Copponi,
509 2727 540 2787 p.
560 2708 618 2785 389
631 2727 698 2788 sqq.
712 2705 750 2766 de
760 2709 898 2789 Anglicis
915 2723 1123 2776 autemnunc
1142 2705 1293 2768 habemns

244 2817 371 2880 operam
387 2797 476 2856 docte
496 2811 526 2855 et
546 2795 686 2856 sollerter
704 2812 851 2857 navatam
870 2821 885 2858 a
905 2801 972 2858 viro
991 2799 1106 2857 eximio
1129 2797 1209 2857 Lud.
1230 2797 1291 2858 Gul.

242 2894 450 2971 Briipqemonn
460 2887 493 2944 in
509 2888 538 2947 V
536 2889 588 2946 iero
599 2889 636 2970 of
642 2886 688 2946 tte
702 2886 825 2969 English
841 2888 990 2962 Brittium,
1011 2885 1219 2948 liunslutions
1235 2887 1291 2946 arrd

241 2975 429 3036 Illustrutt'ons
438 2973 522 3057 ofthe
533 2975 650 3032 ancient
661 2972 752 3034 Greelr
761 2975 823 3034 and
831 2978 918 3042 Latin
931 2972 1058 3034 Autbors
1066 2971 1137 3033 witb
1153 2973 1293 3034 Remurlts

241 3065 353 3124 Stettin
367 3083 449 3144 ¹797·
463 3063 491 3120 8.
504 3062 650 3120 Prostant
664 3083 787 3143 quoque
799 3063 872 3124 libri
885 3061 1052 3131 Schumelii
1065 3075 1096 3122 et
1105 3063 1250 3143 Degeni,
1265 3066 1292 3121 in

242 3152 354 3232 ‘quibus
366 3169 508 3209 recensus
521 3147 602 3208 fiunt
616 3151 793 3210 versionum
808 3153 1047 3211 teutonicarum.
1057 3150 1192 3210 Eminet
1203 3153 1239 3210 in
1252 3149 1296 3208 bis·

241 3243 287 3301 Jo.
300 3241 390 3298 Henr.
407 3239 498 3299 Vossir'
515 3239 615 3296 versio
627 3237 852 3320 Georgicorum
868 3254 897 3300 et
913 3237 1131 3298 Bucolicorum
1145 3242 1292 3308 metrica,

243 3521 415 3591 exemplaires
428 3539 473 3573 sur
484 3521 563 3574 velin.

276 3600 312 3650 M.
323 3598 405 3658 Didot
413 3618 428 3652 u
435 3602 577 3668 remusque'
588 3599 655 3652 dans
666 3619 696 3653 ce
706 3600 772 3652 livre
781 3602 892 3652 environ
902 3613 987 3654 trente
996 3601 1093 3650 leutes.
1105 3597 1177 3650 Cela
1188 3610 1289 3658 atteste,

242 3675 280 3726 dit
291 3677 326 3727 M.
338 3679 450 3742 Bruuet,
461 3677 527 3728 dans
537 3695 586 3728 son
597 3678 725 3730 excellent
737 3677 849 3730 Manuel
859 3681 894 3732 de
906 3680 1033 3742 libralis,
1052 3695 1109 3747 que.
1117 3696 1151 3730 ee
1163 3677 1236 3730 n’est
1247 3691 1289 3747 pus

241 3773 302 3806 sans
319 3757 409 3807 raison
421 3775 473 3827 que
489 3757 527 3808 les
540 3757 654 3810 editions
668 3757 701 3810 de
718 3759 821 3810 Bodoui
829 3773 896 3826 ,sont
910 3760 1037 3812 de'ecie'es.
1053 3757 1075 3808 ll
1091 3757 1186 3828 paruit
1199 3774 1290 3828 cepen-

242 3833 306 3886 dant
317 3854 368 3906 que
379 3853 422 3887 ees
435 3837 522 3889 fantes
535 3849 582 3887 ont
596 3839 638 3890 e'te
650 3841 782 3911 corrigees
793 3839 859 3890 dens
872 3855 924 3888 une
935 3837 1022 3906 partie
1037 3835 1084 3887 des
1098 3837 1289 3910 exemplaires,

240 3933 310 3985 pour
321 3916 435 3985 lesquels
449 3935 484 3968 on
498 3935 563 3968 aura
578 3917 783 3988 probableruent
799 3918 950 3990 reimprimti
962 3916 1001 3968 les
1015 3915 1126 3970 leuilles
1140 3921 1192 3990 qui
1204 3929 1289 3972 conte

240 3997 332 4060 noient
343 3995 381 4048 les
393 4007 476 4048 onata
487 3997 609 4070 signeles.
623 3997 688 4070 (Β.)

242 3443 389 3515 vingt-cinq
405 3463 438 3496 en
454 3446 550 3516 papier
569 3444 699 3516 superfin,
717 3455 743 3496 et
759 3456 852 3497 entant
866 3464 899 3497 en
913 3444 1008 3516 papier
1023 3441 1105 3494 ve'lin,
1121 3440 1178 3514 115
1198 3461 1216 3494 a
1232 3441 1291 3494 trois
