2654 4590
278 329 795 400 remurmurans.
1017 342 1058 432 4,
1136 369 1143 390 Ι

30 465 72 542 pit:
90 458 146 522 hoc
157 460 250 519 enim
263 457 323 519 κατ’
338 460 465 539 ἐξαίρετον
476 456 515 516 ds
526 459 633 518 'l'ttrno
646 456 810 539 Virgilius,
825 467 860 517 ut
871 457 954 520 illius
969 482 1062 546 supra

30 547 88 606 alios
100 549 249 608 virtutem
266 545 411 606 attollat:
427 541 533 626 itaqua
544 563 642 626 quom
656 544 710 604 alii
722 563 836 624 unum,
849 561 904 606 aut
915 545 1062 630 alterum,

31 639 77 717 ipse
88 657 227 698 acervos:
250 641 284 698 rb
301 649 425 698 stantem
437 655 492 717 pro
510 635 646 710 uteribus,
664 637 795 719 explica,
813 657 871 719 pro
883 637 1063 704 defensione

30 739 151 784 turnum.

59 812 114 894 576.
132 812 312 872 Consumit
325 828 430 871 versus
443 811 583 892 quinque
596 811 629 868 in
641 813 783 870 Priverni
797 811 866 872 Itali
880 813 971 874 caede.
992 812 1065 876 Sen-

33 905 105 960 tentia
122 900 190 962 haec
207 916 277 961 est:
298 899 471 961 Themillae
487 900 642 982 Trojanus
660 901 845 960 Privernum
861 920 1066 984 percusserat;

33 990 107 1048 inmo
118 993 226 1068 potius
243 991 429 1062 strinxerst3
445 1002 519 1048 riam
532 989 723 1048 levissimum
737 987 798 1048 luit
810 991 937 1067 vulnus,
954 1007 983 1052 et
996 1005 1066 1053 tan-

34 1091 82 1136 tum
94 1077 260 1159 degustata
276 1079 375 1137 cutis:
395 1077 448 1136 ille
462 1077 640 1137 adsensum
654 1075 785 1151 doloris,
804 1091 938 1154 scutum,
959 1097 1067 1162 quoae

34 1166 161 1228 debuisset
170 1183 297 1250 tegere,
309 1189 365 1251 per
375 1188 530 1229 summam
541 1169 728 1228 dementiam
741 1166 881 1250 projecit,
893 1185 928 1230 ut
939 1191 1069 1252 manum

35 1258 130 1319 vulneri
139 1261 339 1342 applicaret3
350 1275 387 1320 ao
397 1271 465 1319 tum
472 1260 574 1342 Capys
584 1260 726 1340 sagittam
737 1259 770 1318 ln
781 1279 852 1318 eum
862 1260 987 1334 direxit,
998 1281 1068 1345 quae

35 1363 187 1410 ananum
209 1337 406 1433 applicatam
426 1351 546 1410 vulneri
565 1350 730 1424 transfixit3
750 1363 780 1409 et
799 1351 890 1410 altius
907 1367 1069 1434 penetrans

36 1437 177 1517 pulmones
191 1444 299 1520 rupit,
321 1437 435 1521 quibus
446 1439 597 1522 spirabat,
617 1459 651 1496 ac
662 1437 795 1519 prolude
808 1435 922 1497 lethale
932 1437 994 1498 fuit
1007 1439 1072 1498 vul·

36 1547 87 1586 nus.
100 1532 206 1612 ltaque
219 1530 358 1605 cedern,
371 1527 540 1589 Themillas
554 1527 728 1605 inchoavit,
743 1528 871 1610 perfecit
885 1527 1002 1610 Capys:
1018 1529 1072 1590 sed

36 1629 159 1695 portant
169 1621 276 1695 vides,
290 1619 380 1678 aliter
389 1617 532 1679 condivit
543 1618 581 1677 ad
593 1629 716 1699 gustum
728 1616 852 1677 lectoris
865 1637 872 1676 t
885 1619 1005 1694 nescio,
1018 1633 1072 1678 cur

37 1705 198 1787 interpretes
214 1711 279 1767 ista
293 1722 323 1768 et
336 1707 450 1768 sitnilla
466 1708 625 1788 negligant
639 1709 672 1766 in
685 1709 746 1766 suis
760 1705 1027 1788 explicationibus.

66 1793 220 1855 staron
246 1795 365 1856 caedem
387 1795 528 1854 Priverni
550 1795 636 1870 itali,
660 1795 800 1874 sequitur
820 1794 914 1854 caedes
937 1796 1074 1854 Arcentis

38 1881 125 1957 Siculi,
144 1887 200 1965 qui
215 1899 288 1944 erat
302 1887 336 1944 itt
348 1883 492 1965 Trojanis
503 1883 662 1965 partibus:
681 1885 842 1965 praemittit
853 1901 928 1944 vero
941 1883 1076 1966 descrip-

38 1972 135 2032 tionem
149 1973 254 2049 illius,
267 1975 394 2054 plenam
408 1993 539 2055 pompa,
554 1990 685 2055 eamque
697 1973 921 2056 agglutinatam
935 1993 970 2033 ex
979 1973 1076 2036 variis

40 2060 283 2124 circumstantiis:
304 2061 433 2123 adhibet
447 2079 565 2122 nornen
582 2064 693 2144 ipsius,
714 2078 745 2123 et
760 2065 876 2144 patris:
896 2081 981 2124 arma
995 2062 1077 2146 ejus,

41 2163 223 2214 stornatum
247 2170 427 2212 armorum:
447 2151 735 2234 pulchritudinem,
757 2154 909 2213 stlocum
931 2154 1077 2214 natalitii.

42 2237 85 2298 llis
98 2261 144 2300 ser
154 2242 250 2302 rebus
265 2254 332 2300 tota
346 2242 525 2302 continetur
539 2239 726 2323 descriptio:
742 2241 809 2323 lpse
820 2241 935 2301 Arcens
947 2242 1078 2301 vocabo·

44 2341 97 2404 tur,
111 2345 139 2390 st
155 2345 244 2414 pater
261 2333 397 2392 Arcens:
417 2349 455 2392 en
469 2331 533 2392 duo
550 2333 672 2414 prima:
690 2351 777 2391 arma
795 2331 881 2390 fuere
898 2331 1033 2411 egregia,
1050 2345 1081 2389 et

45 2413 152 2478 illorum
172 2431 308 2481 ornatus
327 2417 571 2502 pulcherrimus;
591 2439 666 2478 narn
687 2415 824 2498 chlamys
843 2419 927 2498 picta
946 2415 1081 2474 textorio

75 2616 124 2685 576.
134 2621 207 2676 Levis
219 2622 293 2675 bruta
307 2622 452 2675 Themillae.
468 2622 535 2674 Tite·
578 2621 750 2693 volucrique,
760 2639 832 2672 nunc
842 2621 982 2672 tormentis
992 2634 1084 2672 exctis-³

49 2694 117 2749 miliar
125 2701 277 2767 Themillae,
290 2703 533 2754 utAEaeusAEneoe.
580 2715 625 2768 so,
637 2715 709 2754 nune
720 2701 839 2767 lacertis,
854 2715 927 2752 nune
940 2716 1004 2752 varo
1017 2717 1084 2772 pen-

50 2771 201 2834 leu'tastsm
213 2781 300 2846 basta,
320 2797 371 2853 pru
385 2779 479 2834 leviter
491 2801 537 2833 re·
580 2795 658 2848 nato,
681 2795 761 2852 quam
779 2778 1011 2832 sceleratissimam
1030 2779 1083 2831 hu-¹

51 2855 124 2910 uena:
144 2875 174 2912 ut
196 2873 225 2913 et
243 2862 389 2914 strinxerat
406 2855 486 2927 ditit‘,
508 2859 537 2912 id
581 2861 654 2914 urani
665 2861 765 2932 ingenii
775 2858 898 2911 fraudem
912 2859 1036 2910 arbitror.
1057 2856 1085 2912 st

50 2941 209 3010 ‘inparium
221 2941 538 3014 vulneraverat-Tep-
583 2941 693 3014 quidem
711 2953 741 2990 ut
758 2953 839 3012 ocyus
856 2953 927 2990 mors
947 2941 1086 3008 perveniat

52 3017 113 3069 mins.
130 3021 170 3075 lta
181 3025 211 3074 in
224 3017 264 3089 X,
285 3035 414 3076 aeratam
427 3025 539 3075 circum·
585 3020 776 3082 adhorninenr,
785 3015 1088 3084 alitemlllamfecimus,

53 3095 94 3147 len
104 3103 215 3172 tegmine
228 3103 331 3155 stivam.
343 3127 354 3152 a
367 3127 400 3143 a
413 3103 539 3154 ments
584 3113 741 3173 pennasque
753 3099 825 3150 ferro
839 3094 992 3147 dedimus.»
1007 3095 1089 3147 Nota·

54 3181 195 3248 piscatum
204 3202 260 3258 quo
268 3187 423 3258 sategebat,
433 3185 539 3256 abjecit.
585 3182 628 3232 bis
647 3180 701 3232 dioi
720 3197 736 3231 a
754 3175 840 3228 Plinio
857 3175 892 3226 de
910 3176 983 3228 ferro
1001 3174 1088 3242 elato,

81 3262 133 3333 578.
142 3267 209 3320 Alit.
220 3269 318 3320 l’iunis.
327 3266 542 3338 “Alisodlapsa
590 3260 722 3314 -bamani
736 3257 836 3330 ingenii
849 3251 973 3307 fraudem
983 3277 1011 3321 a,
1031 3268 1090 3326 que

53 3343 137 3413 nqitta
145 3347 317 3400 creberrima
325 3347 423 3412 edessa
432 3345 466 3399 sd
474 3359 543 3397 sum·
586 3341 670 3393 verba
682 3338 811 3409 adjunges
823 3334 879 3399 bis,
893 3351 950 3406 quas
961 3347 1091 3406 suprest-

56 3437 112 3474 nasr
123 3426 285 3478 celeritatem
295 3424 477 3477 indicandam.
489 3421 545 3475 Sal*
588 3421 648 3473 tulit
663 3419 698 3472 ad
709 3416 791 3483 illud,
813 3415 913 3488 «longe
927 3415 1040 3470 fallente
1050 3433 1091 3467 sa·

57 3498 105 3551 iun.
115 3504 236 3577 tuguriis.
261 3504 338 3557 stela
349 3505 484 3574 utrimque
496 3517 544 3552 vo·
588 3504 663 3574 gitta.
676 3519 686 3546 a
703 3495 790 3552 certa.

56 3575 129 3632 tare..
142 3585 194 3636 lni.
209 3585 282 3654 Virg.
296 3605 311 3628 u
320 3583 395 3634 volat
406 3581 474 3634 Itala
487 3597 545 3634 cor·
626 3575 685 3631 582.
695 3578 786 3630 Pictas
793 3589 843 3626 ortt
851 3573 1024 3644 chlamydem.
1033 3575 1091 3626 llos

57 3677 105 3712 aas.
114 3666 209 3715 nlioru.
219 3675 303 3736 sape,
313 3659 440 3731 crespinus
448 3657 544 3717 tinuit.
591 3673 644 3726 est,
652 3655 930 3729 habenschlamydem
937 3655 1092 3727 Phrygiam

57 3739 96 3790 Et!
111 3745 226 3816 spegius
245 3743 321 3796 loeus
340 3742 406 3794 trin.
427 3733 546 3807 XXXIV,
591 3748 691 3792 testem
699 3737 937 3803 militarent,nrore
948 3733 1093 3806 Phrygum,

62 3819 418 3893 ihquemrelohioautlias,
429 3819 548 3873 defesso
593 3834 656 3874 aeut
672 3813 766 3870 labere
782 3817 959 3888 'variegatam
977 3815 1094 3880 Gallice,

59 3901 92 3951 ita
107 3901 272 3974 loquentem
300 3901 426 3954 tEodenr
448 3903 549 3952 utimur
593 3917 702 3971 ausaque
716 3897 836 3950 ¹ettricbie
859 3896 892 3946 de
913 3892 1045 3947 rutena.
1061 3917 1095 3935 -·

61 3980 180 4051 adbeiit,
199 3984 301 4051 cedet,
319 3984 477 4048 iatrocinia,
494 3995 550 4033 non
594 3971 833 4051 Ferruqt'aeriaras
848 3977 928 4026 rtem.
950 3973 1020 4026 Mate
1038 3975 1096 4026 Ser·-
1189 4033 1191 4036 v

62 4065 168 4118 eominus
179 4067 281 4132 tolum
292 4062 342 4118 nti
353 4064 433 4116 susm
439 4060 550 4124 missili,
596 4061 654 4111 tius
662 4061 852 4129 interpretatur
858 4053 1005 4115 Ponticam,
1015 4066 1098 4122 quum
