2742 4596
237 272 300 354 424
485 273 519 336 P.
544 271 774 336 VlRGlLll
799 222 1030 339 MARONlS

235 409 270 454 ut
282 396 321 454 sit
330 392 462 456 Orchus.
474 393 566 476 Apud
575 391 658 454 Gell.
666 394 754 470 11,6,
766 393 821 454 ubi
833 393 872 454 de
882 393 953 454 loco
962 393 1026 454 Ecl.
1037 395 1094 470 Vl,
1106 393 1144 476 73
1157 417 1165 454 ε
1178 418 1193 450 ιι
1202 395 1286 454 Non·

238 483 343 544 «nulli
358 485 553 566 grammatici
570 485 669 544 astatis
683 485 867 565 superioris,
884 485 918 543 in
935 484 1048 564 quibus
1064 497 1110 544 est
1126 485 1284 544 Cornutus
1344 479 1345 522 1

238 597 252 627 ιι
265 574 410 646 Annaeus,
421 571 506 633 haud
517 592 591 632 sane
602 572 731 648 indocti,
742 593 843 653 neque
852 571 1019 652 ignobiles,
1030 573 1086 653 qui
1095 587 1286 634 commenta·
1345 582 1346 614 l

238 686 251 714 ιι
263 663 307 720 ria
320 662 353 720 in
366 662 534 742 Virgilium
545 674 800 742 composuerunt.
811 686 825 716 r
839 663 884 721 Ne
895 675 1001 721 tamen
1013 663 1141 743 proprie
1151 659 1214 720 hoc
1227 659 1285 718 dic·

237 765 303 810 turn
317 767 422 834 putes,
443 751 521 813 alter
539 751 625 812 locus
642 751 782 832 ejusdem
802 767 904 812 vetare
920 751 1018 813 videri
1035 767 1157 834 potest:
1178 753 1235 824 lx,
1255 752 1285 825 8,

239 840 315 900 «sed
331 843 465 902 Annaeus
478 841 647 917 Cornutus,
664 839 761 900 homo
776 861 848 900 sane
861 841 1009 924 pleraque
1022 839 1084 901 alia
1097 861 1166 900 non
1179 838 1285 898 indoc-

239 942 306 1002 tus,
321 950 423 1010 neque
441 928 638 1011 imprudens,
659 931 693 988 in
707 929 842 989 secundo
856 942 961 989 tamen
976 927 1148 1004 librorum,
1163 949 1242 1009 quos
1256 925 1290 985 de

228 1017 337 1100 figuris
349 1023 554 1080 sententiarum
566 1021 758 1100 composuit,
772 1021 926 1100 egregiam
938 1022 1033 1079 totius
1044 1021 1132 1079 istius
1146 1037 1288 1078 verecun-

237 1106 296 1166 diae
314 1107 440 1188 laudem
458 1107 616 1192 (Coujupis
632 1110 744 1192 infusus
759 1131 802 1190 qr.
819 1109 886 1168 AEn.
899 1111 985 1184 Vlll,
1005 1106 1065 1184 404
1085 1113 1152 1191 sq.)
1172 1107 1288 1167 insulsa

234 1197 331 1266 ,nimis
347 1209 377 1256 et
394 1196 502 1258 odiosa
521 1199 711 1260 scrutatione
726 1197 866 1258 violavit.
886 1199 999 1258 Nam...
1015 1197 1147 1258 membra
1165 1210 1287 1270 tarneu,

236 1289 357 1368 inquit,
370 1287 479 1369 paullo
493 1289 647 1349 incautius
658 1289 798 1370 posuit„
820 1291 952 1350 Potuere
967 1290 1062 1368 igitur
1076 1287 1243 1367 etreliqua
1256 1287 1287 1343 iu

195 1431 197 1437 .
237 1372 300 1435 hoc
319 1373 367 1435 vel
384 1377 479 1436 simili
497 1397 590 1458 opere
605 1376 747 1458 apposita
761 1397 833 1436 esse.
853 1374 933 1435 add.
954 1376 1095 1435 Macrob.
1110 1377 1176 1434 Sat.
1188 1376 1226 1448 V,
1244 1394 1287 1452 ¹9·

236 1467 353 1526 Verum
365 1479 469 1526 tamen
484 1464 602 1527 Charis.
615 1468 714 1526 lnstit.
729 1487 774 1548 gr.
786 1466 811 1524 Ι.
824 1464 947 1526 Putsch.
962 1486 1034 1546 pag.
1051 1487 1123 1540 roo,
1136 1465 1194 1546 37:
1211 1488 1226 1518 ιι
1240 1463 1287 1522 Ci-

238 1578 253 1608 ι
263 1557 416 1614 titatium.
429 1556 564 1617 Annaeus
576 1556 735 1616 Cornutus
748 1553 789 1615 ad
800 1551 939 1615 Italicum
950 1555 985 1614 de
1000 1551 1144 1636 Virgilio,
1156 1552 1213 1612 lib.
1226 1554 1285 1610 X.»

236 1643 328 1703 -Et
341 1665 371 1726 p.
391 1664 461 1719 102,
476 1646 532 1705 25:
555 1669 569 1699 ιι
579 1647 613 1704 L.
627 1644 762 1704 Annaeus
776 1645 932 1704 Cornutus
947 1644 979 1702 in
992 1644 1130 1702 Maronis
1143 1661 1288 1704 commen

240 1734 344 1792 storiis
362 1733 499 1792 AEneidis
518 1733 581 1792 X.»
601 1767 641 1778 -
662 1731 753 1793 Conf.
773 1735 943 1792 Burmann.
961 1729 1049 1814 praef.
1070 1732 1119 1813 (p.
1139 1728 1212 1808 4ο),
1233 1718 1287 1788 ubi

239 1818 348 1900 Scalig.
361 1821 400 1880 ad
412 1821 524 1880 Euseb.
539 1843 571 1903 p.
589 1843 643 1904 197
658 1821 815 1882 laudatur.

277 1917 482 1997 Apronianus,
507 1916 565 1996 (de
586 1939 650 1999 quo
666 1918 729 1978 vid.
744 1919 827 1978 infra
840 1918 951 2000 Virgil.
965 1917 1065 1979 Godd.
1078 1918 1108 1998 §.
1127 1917 1191 1996 IV)
1210 1917 1288 1974 inter

240 2003 482 2080 Grammaticos,
505 2006 560 2085 qui
579 2005 612 2065 in
631 2006 801 2088 Virgilium
821 2007 1025 2066 commentati
1047 2009 1123 2082 sint,
1144 2001 1287 2086 pluribus

238 2089 318 2152 locis
333 2091 465 2152 refertur
477 2113 495 2152 a
507 2096 686 2176 Pomponio
700 2097 831 2172 Sabin03
843 2117 907 2178 quo
919 2093 1003 2176 jure,
1015 2116 1082 2156 non
1096 2113 1257 2175 assequor.

277 2187 443 2250 Annianus
451 2193 576 2251 Messius
580 2215 592 2265 ,·
604 2191 720 2252 nobilis
734 2194 978 2264 Grammaticus,
990 2211 1044 2251 seu
1052 2191 1156 2258 verius
1166 2187 1288 2260 rhetor,

239 2298 306 2339 saec.
321 2279 359 2338 V.
372 2277 420 2338 Cf.
435 2280 518 2340 Saxii
530 2279 694 2341 Onomast.
713 2282 748 2339 T.
764 2282 792 2356 Ι,
813 2303 844 2362 p.
859 2281 931 2356 511,
944 2280 999 2339 ubi
1013 2278 1076 2338 vid.
1091 2280 1147 2360 qui
1159 2276 1287 2336 laudan-

237 2378 303 2443 tur,
316 2367 398 2449 inpr.
412 2369 516 2426 Burin.
528 2366 616 2449 praef.
627 2369 661 2427 in
671 2370 756 2448 Virg.
768 2370 816 2450 (p.
830 2366 865 2442 4ι
877 2369 896 2446 ).
911 2369 990 2428 Sunt
999 2364 1065 2446 ejus
1075 2369 1104 2426 E
1107 2363 1286 2425 locutionum

238 2451 372 2536 exempla
381 2475 417 2514 ex
428 2452 578 2536 Virgilio,
590 2453 749 2531 Sallustio,
764 2457 924 2530 Terentio,
936 2455 1101 2531 Cicerone,
1113 2473 1172 2535 per
1183 2450 1287 2511 literas

238 2542 367 2624 digesta.

277 2634 423 2693 Asconius
442 2633 603 2710 Pedianus,
624 2637 678 2716 qui
697 2633 754 2696 sub
775 2633 908 2696 Claudio
927 2648 958 2696 et
975 2631 1179 2714 sequentibus
1199 2633 1286 2691 annis

238 2721 329 2797 vixit,
350 2743 390 2781 an
409 2722 679 2784 Commentarium
695 2725 730 2782 in
746 2722 914 2804 Virgilium
929 2723 1103 2804 scripserit,
1121 2719 1214 2779 valde
1233 2719 1286 2779 ‹lu-

238 2809 318 2871 bito.
330 2813 402 2872 Fuit
414 2810 480 2893 ejus
493 2814 618 2874 libellus
632 2827 742 2875 contra
753 2812 975 2875 obtrectatores
987 2811 1127 2895 Virgilii3
1142 2823 1219 2870 teste
1229 2812 1286 2870 Do·

239 2914 313 2961 nato
329 2903 362 2960 in
372 2902 410 2960 V.
420 2903 457 2962 V.
471 2905 501 2984 §.
516 2901 569 2979 64,
582 2925 598 2964 e
613 2924 676 2983 quo
688 2903 785 2983 petita
800 2923 866 2962 esse
877 2902 1037 2977 videntur,
1052 2920 1122 2981 quae
1135 2899 1170 2957 in
1182 2897 1284 2958 Servio

238 3007 269 3052 et
284 2990 479 3073 Philargyrio
496 2991 653 3052 habentur
669 2990 708 3052 ad
725 2991 791 3052 Ecl.
807 2995 866 3070 ΙΙΙ,
889 2992 943 3052 105
950 3014 958 3067 ;
977 2993 1030 3067 lV,
1053 3011 1103 3066 11,
1123 2989 1206 3049 etin
1217 2990 1285 3050 Vita

237 3082 324 3161 Virg.
336 3082 365 3161 ἕ.
381 3101 432 3155 21,
446 3077 500 3156 64,
514 3077 563 3138 66.

184 3241 188 3250 ,
278 3179 372 3259 Asper
377 3201 389 3251 ;
405 3177 518 3258 saepius
530 3174 583 3236 ille
599 3176 632 3236 in
646 3190 749 3258 partes
760 3191 886 3238 vocatus
898 3199 917 3237 a
930 3175 1053 3252 Servio,
1072 3177 1168 3235 etiarn
1184 3197 1203 3234 a
1217 3173 1285 3232 Phi

239 3267 388 3347 largyrio.
411 3267 455 3325 ad
476 3267 544 3326 AEn.
565 3265 637 3340 Vll,
658 3266 733 3341 648,
758 3267 926 3328 contemtor
946 3265 1054 3326 diuum.
1076 3266 1160 3324 Eum
1180 3262 1286 3323 laudat

239 3351 378 3412 Macrob.
391 3347 448 3428 Ill,
469 3352 496 3412 5.
514 3355 568 3414 Est
579 3351 655 3414 alius
668 3355 842 3437 antiquior,
860 3375 876 3413 a
892 3353 1049 3429 Charisio,
1065 3353 1246 3426 Prisciano,
1260 3363 1286 3410 et

240 3443 309 3501 aliis
320 3439 480 3517 laudatus3
492 3442 569 3504 alius
577 3442 695 3526 junior.
708 3445 755 3504 De
769 3460 880 3506 neutro
895 3447 1065 3526 quicquam
1078 3444 1118 3503 ad
1132 3440 1286 3523 liquidum

237 3530 435 3612 perductum.
451 3531 646 3612 Pomponius
660 3533 729 3592 sab.
742 3554 774 3614 p.
794 3534 863 3605 153,
878 3536 911 3592 in
925 3533 993 3592 AEn.
1006 3532 1035 3606 I,
1050 3532 1108 3590 88:
1125 3531 1287 3611 «Eripiunt

237 3616 330 3678 subito
348 3615 437 3676 nubes
455 3616 614 3702 coelumque
627 3621 777 3703 diemque:
799 3645 813 3676 ιι
823 3621 965 3681 AErnilius
979 3622 1075 3700 Asper
1089 3621 1123 3678 in
1139 3616 1284 3677 hocloco

238 3709 300 3766 ait:
315 3707 388 3764 Haec
402 3704 542 3768 membra
553 3723 664 3769 natura
677 3713 721 3770 sic
734 3711 812 3771 solet
820 3711 961 3792 jungere.
973 3735 986 3765 n
1000 3709 1088 3767 Alius
1100 3707 1186 3788 apud
1200 3725 1284 3765 eum-

239 3795 310 3854 dem
323 3791 412 3851 locus
425 3809 472 3853 est
484 3817 513 3874 p.
523 3795 584 3870 4οο
596 3797 635 3856 ad
647 3799 780 3873 AEuvl,
796 3797 864 3872 1143
875 3801 949 3858 item
960 3819 991 3877 p.
1002 3795 1058 3871 4οι
1074 3797 1185 3874 et1'119.
1195 3797 1284 3854 Forte

133 3930 135 3936 ,
238 3896 372 3962 utroque
382 3878 451 3941 loco
462 3883 519 3963 leg.
530 3886 634 3946 Velius
645 3888 755 3968 Asper,
767 3887 851 3947 idem
862 3889 918 3968 qui
928 3883 1034 3946 Velius
1044 3887 1183 3964 Longus.
1195 3884 1284 3941 Bene·

238 3971 349 4031 diotini
361 3969 508 4032 Auctores
522 3975 601 4034 Artis
614 3975 752 4056 Diplorn.
764 3979 852 4038 Tom.
865 3976 924 4055 ΙΙΙ,
937 3997 1008 4058 pag.
1024 3973 1095 4051 153,
1110 3977 1283 4053 fragmenta
