2720 4588
338 311 390 383 IN
413 310 653 377 AENEI'DOS'
674 313 768 378 LIB.
793 317 879 381 XII.
1064 329 1125 395 223

88 431 153 508 ltus,
168 434 275 510 idest,
293 433 393 494 insilit
407 435 440 494 in
455 455 548 496 caesos
561 433 682 496 hostes:
698 457 797 518 quum
811 459 963 520 equorum
979 443 1061 506 illius
1076 472 1128 509 un·

87 522 156 604 qula
169 528 282 607 sparqit
293 527 468 606 sanquincos
478 546 570 588 rores:
583 546 680 607 quum
694 525 919 590 cruorcolcatur
929 517 1017 592 mista¹
1027 556 1129 612 amna,

88 612 205 674 indicat
221 614 367 675 videlicet
387 613 599 694 largissimum
614 612 654 674 ab
673 629 775 696 strage
784 618 881 678 Turni
895 641 1051 701 cruorem,
1068 647 1132 708 quo

89 701 178 762 tellus
190 716 258 764 tota
268 703 459 764 humefacta.

127 789 195 866 342.
210 793 339 852 Dixerat
351 791 467 852 multos
481 790 569 850 datos
588 789 674 850 letho
690 813 708 850 a
720 793 845 868 Turnat
863 799 1013 876 protritos
1026 821 1134 877 curru,

90 877 228 960 confixos
240 878 353 956 hastis3
367 893 473 940 narrat
488 879 555 959 jarn
572 879 755 960 singulatim
768 879 823 944 has
835 879 1016 964 tragoedias:
1032 890 1134 968 primo
1154 908 1156 916 ’

90 966 236 1028 interficit
250 969 451 1045 Sthenelum,
467 967 654 1049 Thamyrin,
674 969 806 1030 Polum:
822 985 975 1034 extremos
992 975 1070 1036 duos
1085 1000 1136 1038 co-

92 1056 209 1132 minus,
220 1079 296 1118 nam
306 1058 388 1118 facta
398 1055 541 1118 cumillis
556 1053 789 1138 congressione3
801 1060 940 1139 primum
951 1061 1135 1134 Sthenelum

93 1145 231 1205 eminus:
251 1144 400 1205 interficit
419 1145 512 1204 etiam
534 1145 655 1204 eminus
677 1144 847 1222 Glaucum,
871 1159 901 1208 et
921 1147 1037 1210 Ladem
1056 1150 1136 1213 filios

94 1233 224 1294 imbrasi
236 1238 339 1316 Lycii,
355 1257 434 1318 quos
445 1250 534 1318 pater
547 1235 585 1296 ad
598 1231 718 1296 bellum
736 1237 861 1300 miserat
875 1226 1003 1301 ornatos
1017 1255 1048 1302 et
1067 1263 1138 1302 one-

93 1337 174 1384 ratos
194 1327 288 1386 armis
308 1325 460 1408 paribus,
480 1327 594 1408 quibus
615 1338 776 1388 uterentur
794 1327 833 1388 ad
852 1321 1076 1410 pugnandum,
1090 1333 1139 1392 vel

94 1415 249 1486 cominus,
261 1435 337 1484 narn
352 1412 414 1474 hoc
427 1428 486 1489 est,
499 1411 545 1472 vel
557 1415 686 1497 conferre
698 1435 837 1489 manum
850 1415 899 1476 vel
913 1419 1051 1494 eminus,
1065 1440 1140 1479 nam

94 1498 153 1559 hoc
172 1517 236 1580 est,
257 1500 304 1562 vel
321 1523 394 1584 equo
413 1514 578 1582 prevertere
590 1503 757 1562 ventosne
775 1504 923 1586 concipio
939 1507 1140 1582 senteutiam3

96 1588 172 1649 alius
194 1603 231 1650 ut
248 1588 351 1649 volet:
377 1610 451 1650 nam
473 1588 561 1650 aliter
580 1587 735 1670 insipidus
754 1588 832 1652 mihi
854 1589 1011 1653 videretur
1026 1608 1140 1674 poeta:

96 1691 138 1736 est
157 1680 277 1760 quippe
302 1680 473 1738 necessaria
492 1677 630 1740 celeritas
650 1678 688 1738 ad
707 1680 913 1760 pugnandum
932 1685 1076 1742 eminus:
1105 1683 1141 1742 fit

96 1767 178 1826 euim
190 1765 358 1846 jaculatio,
369 1766 447 1843 dum
458 1787 514 1848 per
523 1768 623 1828 aciem
636 1766 834 1830 discurritur:
848 1782 950 1851 potest
961 1772 1053 1832 etiam
1063 1791 1139 1832 con-

97 1857 159 1938 cipi
180 1859 335 1918 sententia
355 1855 413 1917 hac
428 1859 565 1932 ratione,
586 1869 622 1916 ut
640 1858 771 1940 conferre
791 1879 930 1934 manum,
947 1861 986 1920 sit
1001 1881 1141 1944 pugnare

97 1947 253 2026 peditatu3
266 1968 339 2028 equo
350 1961 515 2028 praeuertere
526 1959 637 2022 ventos,
651 1949 802 2030 equitatu.
1009 1950 1010 1960 ’

134 2033 203 2116 347.
218 2035 365 2094 Eumedis
380 2037 516 2096 mortem
532 2035 640 2096 multis
655 2037 781 2097 dilatat:
801 2053 867 2098 erat
880 2037 932 2098 hic
950 2038 1034 2099 filius
1047 2040 1143 2100 Dolo·

98 2124 158 2198 nis,
181 2142 281 2204 nepos
300 2123 471 2183 Eumedis:
493 2123 567 2183 inde
587 2126 707 2186 nomine
723 2147 812 2188 avum
833 2125 1002 2203 referebat,
1015 2133 1143 2208 'patrem
1171 2193 1172 2198 χ
1255 2166 1257 2170 .

98 2214 196 2272 animo
207 2233 244 2272 ae
256 2211 406 2286 manibrio,
420 2212 452 2270 id
468 2225 527 2286 est,
541 2210 758 2274 imbecillitate
770 2224 800 2272 et
812 2215 953 2294 ignavia:
967 2236 1057 2290 nam,
1070 2213 1144 2276 bello

98 2298 190 2380 proles
199 2298 344 2381 praeclara
358 2297 497 2374 Dolonis,
514 2302 633 2381 accipio
653 2301 770 2360 ironice
784 2323 791 2358 ι
812 2303 926 2360 etenim
940 2303 993 2382 qui
1011 2303 1093 2381 legat
1107 2304 1145 2362 ti·

98 2410 219 2450 morem
231 2388 365 2450 Dolonis
380 2389 464 2470 apud
477 2391 572 2448 Hom.
593 2409 638 2448 10.
656 2385 745 2448 Iliad.
760 2401 790 2447 et
805 2400 938 2446 mortem
956 2389 1029 2446 satis
1043 2389 1144 2469 inglo-

100 2481 193 2554 riam,
208 2492 240 2538 et
259 2476 374 2552 deinde
393 2477 568 2538 consideret
579 2487 713 2536 mortem
731 2474 790 2536 filii
804 2477 838 2536 in
853 2475 915 2536 hoc
931 2476 1003 2536 loco
1018 2477 1145 2559 plenam

101 2569 193 2626 etiarn
207 2567 407 2648 ignominiae,
424 2566 544 2626 videbit
555 2563 636 2624 nihil
651 2564 689 2624 de
704 2576 792 2644 patre
808 2577 839 2624 ct
856 2562 923 2624 filio
938 2563 999 2626 dici
1019 2563 1145 2646 praecla-

100 2679 168 2718 rurn
185 2677 286 2737 posse.

139 2743 209 2824 349.
226 2745 337 2804 Narrat
352 2763 387 2803 ex
406 2745 569 2804 occasione
582 2763 761 2803 successum
774 2744 889 2822 patris,
902 2743 1068 2804 includens
1081 2763 1147 2803 ver-

102 2835 183 2896 sibus
194 2846 330 2915 quatuor
342 2855 489 2914 magnam
503 2848 625 2914 partem
635 2833 709 2892 libri
721 2832 835 2892 decimi
849 2833 981 2907 Iliados,
993 2833 1101 2906 credo,
1112 2847 1148 2892 ut

102 2927 276 2984 Homerum
289 2923 398 2982 doceat
408 2922 567 2982 luxuriam
579 2923 737 3001 castigare.
747 2921 808 2980 Ivit
818 2917 922 2979 Dolon
936 2921 974 2979 ad
987 2920 1148 3001 speculan·

103 3015 156 3074 das
170 3031 220 3074 res
230 3015 412 3073 Graecerum
426 3014 538 3071 missus
549 3011 587 3070 ab
598 3013 748 3085 Hectore,
760 3009 924 3090 postulatis
935 3010 1022 3088 prius
1035 3011 1067 3067 in
1079 3029 1149 3088 pre·

103 3103 182 3162 tium
198 3101 274 3162 facti
289 3103 376 3182 equis
391 3097 537 3161 Achillis:
551 3095 590 3160 ad
609 3089 809 3182 speculandas
823 3099 918 3158 etiam
937 3117 986 3156 res
998 3095 1148 3177 Trojano-

103 3213 171 3252 rum
190 3205 341 3251 venerant
354 3190 519 3251 Diomedes
538 3204 568 3249 et
582 3190 718 3271 Ulysses,
738 3211 756 3248 a
773 3189 887 3270 quibus
904 3186 1082 3246 interfectus
1104 3201 1149 3248 est

104 3284 223 3357 Dolon,
236 3283 334 3340 immo
347 3280 386 3340 ab
400 3280 467 3341 solo
483 3278 650 3354 Diomede3
663 3277 734 3338 ideo
752 3272 803 3336 hic
819 3275 914 3356 hujus
928 3289 1052 3336 tantum
1064 3298 1149 3338 men-

107 3372 168 3431 tio:
184 3391 274 3450 ergo,
289 3369 452 3450 aitpoeta,
474 3368 529 3450 qui
549 3387 642 3428 ausus
658 3379 704 3426 est
718 3366 855 3447 pretium
872 3375 994 3422 tautum
1009 3385 1150 3444 poscere,

106 3463 243 3544 pretium
256 3458 485 3536 aliudinvcuit,
497 3457 531 3524 id
541 3472 597 3535 est,
606 3469 755 3518 mortem:
769 3475 843 3516 uam
852 3453 954 3538 afficit
960 3457 1068 3536 pretio,
1079 3456 1149 3516 irri-

107 3551 184 3610 sorie
195 3548 327 3610 dictum.

141 3721 201 3791 349.
215 3719 609 3792 Speculator.Discrimeuinter
652 3710 1154 3788 torpacataclarnorecognoscit.»lta·.
1253 3727 1254 3730 ’

108 3800 178 3854 huuc
191 3811 218 3852 et
231 3799 419 3871 exploratorem
430 3799 483 3860 boc
498 3799 610 3852 adhibet
654 3815 719 3868 que,
730 3795 774 3846 ille
784 3795 812 3845 in
822 3795 915 3857 armis,
925 3791 969 3843 hic
978 3793 1006 3842 iu
1015 3809 1096 3862 paoe;
1106 3790 1154 3844 ille

108 3880 215 3932 Festus:
240 3879 419 3951 «speculator
436 3879 470 3932 ab
488 3880 610 3951 explora·
653 3878 816 3942 taciturnus,
831 3873 874 3926 hic
886 3869 1087 3924 clamabundus¹
1098 3871 1152 3946 lia·

110 3975 167 4012 tore
183 3960 236 4012 hoe
253 3958 347 4027 distat,
366 3958 440 4030 quod
455 3959 610 4031 speculator
653 3956 750 4009 bentur
761 3967 850 4007 autem
860 3951 917 4004 haec
929 3948 1004 4002 Iliad.
1019 3951 1052 4000 X.
1064 3951 1154 4002 Cerdo.

111 4039 217 4092 hostilia
225 4040 331 4092 silentio
338 4039 610 4112 perspicit;explora·
691 4034 751 4090 352.
764 4037 819 4090 Nec
830 4034 900 4107 equis
911 4031 1024 4103 adspirat
1034 4029 1156 4094 Achillis,
