2726 4592
249 289 947 359 VlTAP.VlRGlLllMARONlS.
1052 293 1114 383 295
1215 375 1217 380 Ι

75 411 124 468 nis
137 429 207 471 suas
218 413 368 494 quasdam
379 411 664 488 caesurashabeant,
676 427 707 473 et
716 417 778 473 suis
791 414 909 496 legibus
922 417 1113 498 distinguan-

76 509 143 555 tur:
157 519 233 558 nam
247 522 345 581 quum
360 503 458 560 tribus
473 500 623 582 probetur
635 516 782 578 metrum,
797 523 926 578 caesura,
940 507 1113 580 scansione,
1134 509 1184 576 104

77 585 328 666 modificatione,
348 611 413 650 non
429 592 488 650 erit
500 590 661 651 Bucolicus
676 612 797 665 versus,
811 595 867 651 nisi
885 594 916 651 in
935 615 997 673 quo
1013 607 1044 652 et
1061 617 1113 675 pes
1187 612 1190 627 ¹

13 697 15 702 ’
75 676 196 752 primus
207 692 328 759 partem
340 681 491 739 orationis
505 680 671 740 absolverit
684 693 732 739 :et
746 683 853 740 tertius
866 679 1115 742 trochaeusfuerit

15 813 19 822 ,
77 775 107 821 et
130 786 262 843 caesura,
282 781 312 828 et
337 783 464 850 quartus
487 789 540 850 pes
561 768 699 850 dactylus
722 772 819 850 magis
840 791 934 850 quam
957 772 1114 852 spondeus

75 869 198 933 partem
208 861 362 918 'orationis
377 861 603 933 terminaverit;
619 861 747 940 quintus
762 873 792 918 et
807 874 907 920 sextus
918 882 971 942 pes
981 884 1018 922 ex
1036 865 1115 922 inte-

75 945 138 1022 gris
153 945 345 1008 dictionibus
359 947 468 1009 fuerit:
485 949 566 1028 quod
581 949 743 1028 Virgilius,
758 949 949 1009 aTheocrito
961 971 1040 1032 saepe
1053 973 1114 1010 ser-

77 1045 203 1108 vatum,
218 1038 313 1096 victus
326 1039 429 1118 operis
442 1035 641 1112 difficultate,
655 1035 796 1117 neglexit.
812 1039 849 1096 ln
864 1038 929 1097 solo
946 1041 1114 1120 principio,
1136 1057 1183 1110 105

76 1118 231 1180 incertum
241 1123 392 1183 industria
405 1135 541 1198 an'casu,
553 1121 608 1183 has
617 1144 746 1184 caesuras
756 1125 897 1184 servavit.
909 1126 998 1199 llam,
1006 1127 1115 1206 Tityre,

78 1204 220 1288 dactylus
232 1223 350 1292 partem
364 1213 516 1270 orationis
529 1209 677 1286 absolvit,
696 1227 727 1273 tu
739 1225 824 1293 patu,
846 1210 880 1270 loe
896 1233 977 1285 recu,
989 1215 1115 1284 tertium

10 1334 11 1380 y
78 1293 256 1376 dactylum,
267 1301 406 1379 quamvis
419 1298 457 1359 de
470 1301 640 1380 composita
652 1299 788 1359 dictione
799 1297 968 1358 conclusit:
985 1297 1116 1359 banssub

10 1425 11 1456 ,
78 1398 226 1462 quartum
249 1386 420 1467 spondeum
436 1407 494 1468 pro
518 1385 659 1469 dactylo:
680 1407 778 1468 quum
792 1384 971 1465 subjunxit,
994 1387 1116 1466 teqmine

72 1475 138 1555 fagi
145 1518 154 1548 ,
168 1477 339 1536 terminatis
350 1474 490 1558 partibus
505 1479 653 1556 orationis
671 1479 827 1558 integrum
839 1495 961 1535 comma
972 1473 1115 1556 perfecit:

77 1559 165 1642 cujus
182 1566 226 1622 rei
240 1563 435 1644 diligentiam
449 1564 521 1624 licet
537 1566 571 1624 in
582 1563 738 1624 Theocriti
753 1563 898 1624 omnibus
911 1563 1009 1622 ferme
1024 1565 1116 1622 versi·

75 1650 135 1710 bus
149 1649 308 1710 admirari.
321 1651 382 1726 Qui
396 1672 470 1711 vero
483 1649 667 1731 supradicta
681 1656 743 1712 acri
753 1651 873 1733 judicio
891 1649 1115 1732 diligenterque
1135 1669 1183 1722 105

77 1738 301 1812 considerant,
327 1739 418 1799 facile
443 1740 626 1820 intelliget,
640 1761 709 1822 quae
727 1743 762 1800 in
784 1741 944 1822 Georgicis
965 1741 1114 1813 intentio,

76 1831 197 1910 quique
211 1827 282 1888 finis
294 1829 401 1904 fuerit,
415 1850 471 1889 nec
485 1833 587 1889 minus
601 1832 693 1890 etiam
707 1833 740 1891 in
752 1829 888 1890 AEneide.

115 1919 276 2000 Poematis
288 1918 361 2002 styli
374 1939 477 2000 qenera
489 1920 548 1978 tria
559 1933 641 1980 sunt.
657 1922 716 1980 Aut
732 1921 815 2000 enim
828 1921 969 1992 activum,
984 1915 1033 1976 vel
1048 1919 1114 1976 inti·
1136 1944 1183 1996 ¹⁰7

8 2063 9 2068 ,
77 2011 217 2080 tatinum,
234 2005 318 2087 quod
331 2007 430 2066 Graeci
446 2009 596 2088 δραματικὸν
610 2009 782 2090 appellant,
798 2011 831 2067 in
844 2027 907 2088 quo
920 2026 1062 2087 personae
1072 2004 1118 2064 lo·

75 2111 207 2178 quentes
219 2095 463 2156 introducuntur
472 2099 540 2156 sine
550 2110 650 2178 poetae
662 2098 917 2172 interlocutione3
928 2110 961 2156 ut
970 2111 1042 2156 sunt
1056 2109 1116 2154 tra·

76 2186 206 2268 goediae,
228 2198 258 2246 et
279 2185 453 2262 comoediae,
478 2188 536 2267 δρᾷν
558 2189 641 2246 enim
665 2189 769 2246 Graece
792 2207 880 2266 agere
899 2185 1032 2246 dicitur:
1055 2206 1117 2265 quo

76 2295 192 2356 genere
206 2274 318 2354 scripta
332 2286 375 2332 est
393 2275 511 2354 prima,
533 2277 645 2354 Tityre,
661 2286 704 2350 et,
726 2275 789 2355 Quo
809 2285 834 2332 te
851 2274 938 2330 Moen‘
950 2269 1042 2351 pedes.
1057 2273 1118 2328 Aut

74 2365 290 2437 enarrativum,
304 2362 389 2443 quod
404 2363 502 2422 Graeci
517 2365 698 2442 διηγηματικὸν
710 2360 884 2442 appellant3
903 2361 1011 2437 inquo
1026 2371 1117 2437 poeta

76 2453 145 2534 ipse
160 2449 303 2528 loquitur
316 2450 380 2507 sine
392 2449 627 2530 interpositione
639 2459 838 2534 personae,ut
849 2459 908 2504 tres
918 2445 1011 2524 primi
1021 2444 1119 2502 Geor-

77 2539 173 2620 gicon
183 2537 271 2612 libri,
284 2537 358 2594 item
366 2539 501 2596 Lucretii
514 2538 661 2598 carmina.
672 2538 732 2595 Aut
741 2551 907 2604 commune,
919 2531 967 2589 rel
979 2532 1116 2604 mixtum,

78 2623 166 2705 quod
188 2623 288 2682 Graeci
306 2626 394 2703 μικτὸν
414 2623 587 2704 appellant,
607 2623 662 2681 ubi
683 2636 713 2680 et
731 2633 825 2700 poeta
839 2619 903 2700 ipse
917 2618 1073 2699 loquitur,
1088 2631 1118 2677 et

77 2712 269 2773 introductae
279 2732 419 2791 personae
433 2734 439 2768 :
456 2725 492 2769 ut
505 2725 550 2770 est
561 2710 684 2791 Virgilii
695 2710 808 2768 AEneis.

112 2873 135 2946 §.
149 2873 209 2940 rod.
219 2873 281 2924 Non
291 2873 339 2922 erit
348 2871 475 2924 bucolicus
483 2891 578 2936 versus,
624 2871 707 2923 latina
714 2869 832 2920 Maronis
841 2886 986 2920 musararo
995 2867 1118 2920 admittit.

76 2954 136 3008 nisi.
150 2951 325 3004 Grammatiei
335 2951 480 3003 subtilitas!
491 2952 580 3018 Quum
660 2949 681 3020 §.
693 2965 749 3018 ¹⁰7·
758 2948 887 3000 Poematis
895 2947 957 3018 styli
968 2948 1017 2998 tria
1027 2965 1121 3018 peuera

77 3034 112 3086 de
125 3032 581 3100 caesuraaguntGrammatioi,ver-
623 3039 692 3082 sunt.
714 3029 753 3079 Ex
777 3028 954 3081 Grammatico
977 3027 1068 3078 Graeco
1093 3027 1121 3076 in

77 3131 138 3164 sum
150 3109 305 3161 bucolicum
319 3109 469 3180 appellant,
488 3111 515 3159 in
526 3127 580 3180 quo
624 3111 713 3161 fronte
724 3107 875 3159 Theocritiz
888 3104 939 3173 πυρὶ
949 3105 994 3158 coir
1005 3104 1045 3159 ric
1056 3102 1121 3155 nori·

77 3187 582 3262 postpedernquartum,eumquedac·
626 3207 681 3242 orec
692 3183 851 3255 gapatae-iper,

77 3263 582 3342 tylum,nullacoesui·aincidit:dde'rr
664 3267 837 3338 Uttmsprimi
846 3263 988 3336 Georgicon
996 3261 1061 3314 libri.
1070 3265 1123 3316 Cur

77 3346 107 3401 vri
117 3344 250 3414 ψιθὺρισμι
263 3342 303 3396 ael
315 3345 333 3396 al
343 3344 411 3400 abac
423 3342 433 3415 [
443 3345 492 3396 Dic
502 3343 582 3408 milri,
626 3364 681 3397 non
696 3359 722 3398 et
741 3346 866 3416 quartus?
883 3341 976 3394 saltem
992 3360 1076 3413 usque
1089 3342 1124 3396 ad

79 3429 218 3490 Damoeta,
229 3428 316 3497 cujum
323 3424 432 3498 pecus?]
442 3423 523 3491 Quod
532 3443 583 3478 rae·
627 3442 686 3476 eam
704 3419 822 3494 partem,
838 3439 891 3492 qua
906 3425 1016 3474 Proteus
1031 3424 1124 3474 vatici·

81 3520 155 3560 trum
173 3523 260 3580 graeca
275 3504 411 3558 Theocriti
427 3505 583 3578 sepissime,
627 3521 695 3555 nans
707 3501 848 3554 inducitur.
