2654 4590
284 292 340 356 tn
363 297 597 368 anuinos
620 305 712 372 nra.
737 313 799 378 rx.
1019 333 1059 420 49

59 405 117 466 llius
129 419 166 469 est
175 411 292 488 AEneae,
308 428 400 496 atque
411 422 501 480 etiam
512 445 602 504 puer,
612 442 733 508 oportet
742 448 775 493 ut
786 433 919 514 gloriosa
929 445 965 503 sit
974 465 1062 510 men-

57 495 87 552 tio
96 495 148 574 ejus
160 499 307 562 facinoris
318 525 325 561 :
342 505 414 564 inde
425 519 471 567 tot
483 531 586 571 versus
599 519 761 596 praemissi,
774 535 820 582 tot
830 531 923 588 secuti
935 553 941 588 :
958 534 1061 616 itaque

57 589 221 648 attentionem
233 608 344 674 captat
358 617 374 655 a
389 605 527 678 personis
541 605 661 666 Asconii
677 624 707 668 et
721 613 872 690 Numani,
891 620 1061 689 admiscens

30 703 31 708 κ
58 677 267 753 magnitudinem
282 684 343 753 rei,
357 707 451 766 quam
464 705 660 754 narraturus:
674 696 734 756 fuit
745 703 828 761 enim
840 725 1002 787 magnum,
1015 717 1063 776 in·

57 758 124 818 terliri
136 765 232 826 virum
246 768 362 830 fortem
380 795 396 831 a
411 796 522 854 puero,
542 781 595 860 qui
614 783 646 840 in
661 783 739 844 feres
752 800 875 850 tantum
890 815 974 857 arma
989 800 1061 863 hac-

57 857 117 906 tenus
133 856 317 916 exercuisset.
340 861 473 922 Juvotur
493 868 623 927 attentio
647 869 810 934 nobilitate
832 880 981 960 Numani,
1006 892 1061 970 qui

57 936 172 999 ninorem
185 964 368 1022 germanam
380 953 479 1011 Turni
492 953 551 1014 sibi
567 961 684 1038 nuptiis
697 965 865 1043 copularat.

81 1022 123 1100 595
149 1030 344 1094 Describitur
367 1039 500 1099 Numani
523 1045 726 1124 superbia‘ab
747 1051 830 1127 loco;
852 1057 999 1136 averbis;
1021 1063 1060 1124 ab

57 1111 135 1170 nodo:
152 1115 263 1193 aloco;
278 1143 355 1182 nam
369 1139 436 1185 ante
445 1131 571 1208 pontum
589 1135 700 1193 aciem:
713 1157 731 1194 a
745 1138 860 1216 verbis3
882 1165 954 1205 nam
971 1148 1061 1230 digna

57 1202 229 1286 atqueiudignn
239 1233 249 1267 .-
260 1231 279 1268 a
291 1213 401 1286 mod03
415 1236 486 1274 nam
501 1221 673 1298 uociferans,
685 1223 755 1283 ideo
767 1241 870 1305 postea
880 1235 990 1314 ingenti
998 1239 1029 1297 cl
1046 1275 1060 1286 -

58 1303 123 1344 nore:
138 1289 199 1352 haec
215 1316 289 1357 vero
305 1303 414 1360 omnia
428 1323 445 1360 a
459 1316 595 1380 tumore,
612 1327 675 1386 quo
692 1309 816 1371 inllatus
829 1337 864 1374 ex
878 1324 967 1381 novis
981 1345 1059 1409 nup·

56 1371 102 1429 tiis:
113 1394 177 1438 nota
193 1383 223 1440 in
240 1387 337 1446 verbo
353 1387 415 1448 ibat
427 1395 633 1472 arrogantiam
648 1397 789 1460 incessus.

81 1461 132 1540 598.
149 1467 259 1550 Objicit
278 1477 425 1556 inprimis
444 1479 584 1558 Trojanis
600 1483 842 1565 impudentiam,
862 1497 915 1576 qui
932 1519 996 1557 non
1011 1522 1060 1560 ve-

55 1567 157 1629 reantur,
169 1558 215 1618 bis
228 1566 313 1644 capti
327 1587 423 1645 quum
439 1569 569 1645 luerint,
581 1575 672 1634 semel
686 1577 724 1635 ab
736 1580 882 1659 Hercule,
895 1586 1009 1648 deinde
1018 1592 1057 1651 ab

56 1635 239 1739 Gtaecisgnunc
247 1653 354 1714 denuo
364 1656 446 1736 cin'gi
457 1656 635 1736 obsidione,
647 1685 702 1724 nec
711 1687 741 1725 se
751 1664 858 1750 aperto
870 1673 962 1736 Marti
973 1699 1057 1739 com-

56 1726 156 1806 mittere3
174 1737 223 1796 sed
245 1743 344 1800 teneri
367 1743 463 1820 vallo,
485 1768 590 1807 muros
610 1757 926 1838 morti-pratendere3
949 1771 1058 1848 utqui

56 1812 115 1874 nulla
129 1817 180 1881 alia
196 1827 319 1888 ratione
333 1829 458 1891 valeant
471 1837 599 1896 exitium
614 1837 781 1922 depellere,
801 1848 859 1906 nisi
872 1851 904 1908 in
916 1850 1056 1930 latebris,

56 1901 90 1974 qui
100 1924 222 1970 summus
234 1928 278 1973 est
290 1917 404 1996 pudor.
715 1975 718 1980 -

80 1991 134 2054 500.
153 1999 324 2080 Objectavit
345 2009 588 2090 impudentiam3
604 2015 669 2098 jam
683 2041 767 2081 nunc
783 2025 902 2102 irridet,
924 2042 954 2089 et
969 2045 1058 2092 vocat

55 2072 186 2144 dementes:
198 2103 239 2148 est
247 2092 344 2172 plane
353 2097 522 2159 ridiculum
533 2103 746 2183 ignavissimos
756 2108 898 2174 homines
910 2118 987 2177 velle
997 2120 1057 2180 sibi

55 2171 213 2261 fltttrimonia
226 2182 321 2240 armis
333 2204 487 2263 quaerere:
500 2203 545 2248 est
557 2191 820 2258 dementissimum
832 2202 953 2262 ltaliam
967 2205 1056 2265 adve-

54 2269 112 2313 nisse
123 2270 372 2341 pugnacissimam
389 2287 548 2342 terrarum.

79 2344 132 2404 602.
144 2353 237 2435 Pergit
247 2357 316 2438 jum
331 2361 369 2419 ad
383 2363 515 2444 gloriam
530 2368 694 2442 Italorum,
708 2393 785 2452 quos
797 2374 902 2434 laudat
915 2379 952 2436 ab
967 2383 1055 2439 omni

54 2441 146 2495 etatum
157 2444 262 2521 gradu,
276 2447 316 2506 ab
330 2449 476 2527 infantia,
492 2459 636 2536 pueritia,
646 2454 821 2536 juventute,
834 2463 995 2538 virilitate,
1010 2487 1055 2525 se-

54 2530 338 2616 nectute3'deturpatis
363 2541 447 2618 prins
473 2543 602 2618 Graecis,
629 2544 742 2625 quibus
764 2546 902 2610 hostibus
927 2551 1054 2633 Trojani

55 2621 216 2678 necaverant.
225 2626 453 2702 Argumentum
465 2645 510 2690 est
522 2635 677 2712 optimum
689 2657 695 2692 :
709 2639 834 2712 natm-si
848 2659 948 2721 neque
959 2642 1054 2702 victo-

54 2704 165 2760 rurestri
176 2709 356 2770 conferendi
371 2714 532 2776 nobiscum
545 2735 632 2793 sunt,
648 2724 722 2802 quid
735 2744 789 2783 vos
799 2725 890 2785 vieti?
899 2730 981 2808 Ergo
991 2729 1034 2788 ait
1045 2753 1052 2788 ι

55 2797 97 2841 lton
106 2783 147 2846 bic
159 2812 200 2852 res
213 2799 332 2876 geritur
344 2819 415 2860 cum
426 2807 554 2880 Atridis,
566 2807 848 2888 (Agamemnonem
858 2814 1007 2895 intelligit
1022 2829 1052 2873 et

54 2864 218 2961 Menelaum)
231 2906 295 2944 non
310 2909 382 2947 cum
396 2891 515 2972 Ulysse,
526 2895 580 2974 qui
593 2896 740 2970 mendax,
751 2917 814 2956 non
825 2919 959 2978 pugnax.
969 2903 1051 2958 Lau-

54 2952 90 3016 dat
96 2962 182 3047 itaque
192 2975 325 3052 primam
336 2991 457 3039 aetatem
468 3004 484 3039 a
496 2984 736 3059 consuetudine,
746 3006 814 3065 quae
825 2988 858 3044 in
868 2987 957 3044 l'talia
967 2991 1050 3068 vige-

53 3036 102 3140 bat:
116 3052 282 3122 ferebantur
300 3068 384 3124 enim
409 3069 542 3130 infantes
564 3093 667 3131 recens
687 3074 753 3130 nati
772 3073 810 3130 ad
829 3070 975 3148 flumina,
995 3073 1051 3138 ubi

54 3177 107 3230 luem
123 3173 152 3223 ob
167 3175 214 3230 boc
232 3195 311 3252 pater
332 3203 413 3238 aurea
433 3189 508 3242 bulla
553 3201 750 3242 commemorat.
770 3189 871 3240 S.-A
888 3191 971 3260 stirpei
988 3193 1051 3246 Non

53 3259 188 3324 eternaque
199 3259 317 3314 donavit.
328 3266 396 3316 Sero.
553 3282 622 3335 arte,
640 3269 686 3321 sed
703 3283 806 3320 natura.
815 3271 938 3322 -Natos
953 3272 988 3322 ad
990 3277 1055 3349 βαι

75 3325 119 3393 596.
128 3333 192 3386 Novo
203 3359 289 3411 regno.
300 3343 353 3394 Aut
362 3363 432 3396 nova
441 3350 507 3418 regii
551 3349 624 3400 mina
633 3351 761 3420 primum,
774 3359 820 3399 etc.
829 3349 1049 3406 EGermanorum

54 3411 126 3470 generis
141 3415 261 3473 affinitate
279 3443 287 3472 t
310 3438 355 3474 aut
371 3429 435 3496 quia
455 3429 507 3498 ipsi
552 3428 744 3480 consuetudine
757 3440 871 3480 tractum
883 3435 1049 3486 censetTur·

52 3495 85 3566 les
95 3493 146 3560 tegis
159 3493 235 3550 filiam
251 3505 341 3571 portio
360 3504 506 3558 debebatur
550 3507 611 3559 neb.
631 3503 716 3571 XXll,
736 3506 766 3572 5,
784 3510 829 3578 qui
843 3509 945 3580 prolem
957 3526 1048 3566 natam

53 3569 139 3632 inperii:
150 3586 505 3656 antpartemregniaTurno
551 3587 586 3638 ad
604 3586 724 3638 Rhenum
743 3588 878 3654 ferebant,
900 3591 1047 3664 clypeoque

52 3655 161 3714 acceperut.
173 3658 239 3710 Serv.
261 3703 271 3726 χ
550 3665 730 3737 imponebant.
743 3669 769 3720 si
779 3667 857 3720 undis
868 3671 1046 3742 abriperetur,

74 3719 119 3775 603.
133 3731 222 3786 Dumm
234 3759 251 3789 a
261 3739 339 3810 stirpe
348 3760 435 3813 genus.
452 3746 506 3797 lta·
549 3745 660 3796 notham
679 3746 841 3798 censebant:
861 3751 883 3799 si
900 3752 1046 3822 innataret,

52 3793 79 3847 lie
93 3803 223 3883 disciplina,
243 3832 270 3870 et
288 3822 342 3871 vita
360 3823 504 3876 laudatur:
550 3843 610 3889 vere
626 3841 708 3874 suam.
727 3825 888 3878 Claudianus
905 3831 933 3879 in
946 3832 1043 3884 Rulh'n.

53 3892 109 3944 lum
126 3903 147 3941 et
164 3897 227 3948 Cato
248 3901 279 3948 in
290 3901 455 3972 originibus,
479 3917 506 3956 et
553 3905 606 3954 “Et
618 3921 684 3973 quos
699 3917 837 3958 nascentes
850 3907 970 3978 explorat
981 3930 1044 3981 gur-

53 3958 151 4021 lffloin
174 3989 249 4044 gente
276 3979 369 4047 populi
393 3982 505 4036 Romani
550 3985 601 4054 gite
613 3985 751 4036 Rhenus.»

98 4068 116 4119 t·
618 4067 889 4140 3‘4
