<?xml version="1.0" encoding="UTF-8"?>
<!DOCTYPE html PUBLIC "-//W3C//DTD XHTML 1.0 Transitional//EN"
    "http://www.w3.org/TR/xhtml1/DTD/xhtml1-transitional.dtd">
<html xmlns="http://www.w3.org/1999/xhtml" xml:lang="en" lang="en">
 <head>
  <title>
</title>
<meta http-equiv="Content-Type" content="text/html;charset=utf-8" />
  <meta name='ocr-system' content='tesseract 3.04.00' />
  <meta name='ocr-capabilities' content='ocr_page ocr_carea ocr_par ocr_line ocrx_word'/>
</head>
<body>
  <div class='ocr_page' id='page_1' title='image "./pvirgiliusmaroq06barbgoog_0118.png"; bbox 0 0 2704 4582; ppageno 0'>
   <div class='ocr_carea' id='block_1_1' title="bbox 222 219 924 350">
    <p class='ocr_par' dir='ltr' id='par_1_1' title="bbox 222 219 924 350">
     <span class='ocr_line' id='line_1_1' title="bbox 222 219 924 350; baseline -0.003 -17"><span class='ocrx_word' id='word_1_1' title='bbox 222 273 281 350; x_wconf 70' lang='lat'><strong>104</strong></span> <span class='ocrx_word' id='word_1_2' title='bbox 533 219 924 332; x_wconf 70' lang='lat' dir='ltr'><strong>&#39;conmaculata</strong></span> 
     </span>
    </p>
   </div>
   <div class='ocr_carea' id='block_1_2' title="bbox 155 381 1306 2339">
    <p class='ocr_par' dir='ltr' id='par_1_2' title="bbox 215 381 1269 911">
     <span class='ocr_line' id='line_1_2' title="bbox 253 381 1263 472; baseline 0 -24"><span class='ocrx_word' id='word_1_3' title='bbox 253 389 321 472; x_wconf 74' lang='lat'>493.</span> <span class='ocrx_word' id='word_1_4' title='bbox 332 387 403 448; x_wconf 86' lang='lat' dir='ltr'><strong>Non</strong></span> <span class='ocrx_word' id='word_1_5' title='bbox 413 381 532 451; x_wconf 86' lang='lat' dir='ltr'><strong>invidet</strong></span> <span class='ocrx_word' id='word_1_6' title='bbox 543 398 646 444; x_wconf 88' lang='lat' dir='ltr'><strong>tamen</strong></span> <span class='ocrx_word' id='word_1_7' title='bbox 658 385 851 466; x_wconf 82' lang='lat' dir='ltr'><strong>sepulturam</strong></span> <span class='ocrx_word' id='word_1_8' title='bbox 859 388 998 460; x_wconf 84' lang='lat' dir='ltr'><strong>Turnus;</strong></span> <span class='ocrx_word' id='word_1_9' title='bbox 1009 388 1062 449; x_wconf 87' lang='lat' dir='ltr'><strong>dat</strong></span> <span class='ocrx_word' id='word_1_10' title='bbox 1071 391 1158 448; x_wconf 87' lang='lat' dir='ltr'><strong>enim</strong></span> <span class='ocrx_word' id='word_1_11' title='bbox 1166 385 1263 448; x_wconf 77' lang='lat' dir='ltr'><strong>illuns</strong></span> 
     </span>
     <span class='ocr_line' id='line_1_3' title="bbox 215 469 1267 558; baseline -0.001 -22"><span class='ocrx_word' id='word_1_12' title='bbox 215 472 446 558; x_wconf 82' lang='lat' dir='ltr'><strong>sepeliendum,</strong></span> <span class='ocrx_word' id='word_1_13' title='bbox 461 488 494 530; x_wconf 91' lang='lat' dir='ltr'><strong>ut</strong></span> <span class='ocrx_word' id='word_1_14' title='bbox 506 471 651 536; x_wconf 83' lang='lat' dir='ltr'><strong>reddatur</strong></span> <span class='ocrx_word' id='word_1_15' title='bbox 663 469 729 530; x_wconf 86' lang='lat' dir='ltr'><strong>turn</strong></span> <span class='ocrx_word' id='word_1_16' title='bbox 741 471 841 532; x_wconf 87' lang='lat' dir='ltr'><strong>honus</strong></span> <span class='ocrx_word' id='word_1_17' title='bbox 854 475 986 542; x_wconf 76' lang='lat' dir='ltr'><strong>Pallanti</strong></span> <span class='ocrx_word' id='word_1_18' title='bbox 1000 475 1083 550; x_wconf 89' lang='lat' dir='ltr'><strong>filio,</strong></span> <span class='ocrx_word' id='word_1_19' title='bbox 1097 492 1167 536; x_wconf 90' lang='lat' dir='ltr'><strong>turn</strong></span> <span class='ocrx_word' id='word_1_20' title='bbox 1180 474 1267 542; x_wconf 88' lang='lat' dir='ltr'><strong>sola·</strong></span> 
     </span>
     <span class='ocr_line' id='line_1_4' title="bbox 215 558 1265 644; baseline -0.001 -23"><span class='ocrx_word' id='word_1_21' title='bbox 215 565 294 626; x_wconf 84' lang='lat' dir='ltr'><strong>tium</strong></span> <span class='ocrx_word' id='word_1_22' title='bbox 307 563 388 642; x_wconf 90' lang='lat' dir='ltr'><strong>patri</strong></span> <span class='ocrx_word' id='word_1_23' title='bbox 400 558 562 634; x_wconf 77' lang='lat' dir='ltr'><strong>Evandro,</strong></span> <span class='ocrx_word' id='word_1_24' title='bbox 580 559 630 618; x_wconf 89' lang='lat' dir='ltr'><strong>cui</strong></span> <span class='ocrx_word' id='word_1_25' title='bbox 647 561 838 620; x_wconf 84' lang='lat' dir='ltr'><strong>constabunt</strong></span> <span class='ocrx_word' id='word_1_26' title='bbox 851 581 966 642; x_wconf 80' lang='lat' dir='ltr'><strong>magno</strong></span> <span class='ocrx_word' id='word_1_27' title='bbox 981 563 1083 624; x_wconf 82' lang='lat' dir='ltr'><strong>AEneae</strong></span> <span class='ocrx_word' id='word_1_28' title='bbox 1097 561 1240 644; x_wconf 86' lang='lat' dir='ltr'><strong>hospitia</strong></span> <span class='ocrx_word' id='word_1_29' title='bbox 1255 583 1265 620; x_wconf 79' lang='grc' dir='ltr'><strong>ε</strong></span> 
     </span>
     <span class='ocr_line' id='line_1_5' title="bbox 215 647 1269 732; baseline -0.002 -20"><span class='ocrx_word' id='word_1_30' title='bbox 215 650 296 712; x_wconf 86' lang='lat' dir='ltr'><strong>nihil</strong></span> <span class='ocrx_word' id='word_1_31' title='bbox 309 649 414 732; x_wconf 89' lang='lat' dir='ltr'><strong>potuit</strong></span> <span class='ocrx_word' id='word_1_32' title='bbox 425 647 564 712; x_wconf 77' lang='lat' dir='ltr'><strong>acerbius</strong></span> <span class='ocrx_word' id='word_1_33' title='bbox 576 648 676 708; x_wconf 86' lang='lat' dir='ltr'>dicere</span> <span class='ocrx_word' id='word_1_34' title='bbox 691 649 725 714; x_wconf 90' lang='lat' dir='ltr'><strong>in</strong></span> <span class='ocrx_word' id='word_1_35' title='bbox 737 649 933 725; x_wconf 69' lang='lat' dir='ltr'><strong>Evandrum,</strong></span> <span class='ocrx_word' id='word_1_36' title='bbox 949 653 1034 731; x_wconf 86' lang='lat' dir='ltr'><strong>quasi</strong></span> <span class='ocrx_word' id='word_1_37' title='bbox 1048 651 1149 712; x_wconf 88' lang='lat' dir='ltr'><strong>dicat:</strong></span> <span class='ocrx_word' id='word_1_38' title='bbox 1165 653 1269 710; x_wconf 83' lang='lat' dir='ltr'><strong>inive-</strong></span> 
     </span>
     <span class='ocr_line' id='line_1_6' title="bbox 217 734 1267 820; baseline 0.001 -22"><span class='ocrx_word' id='word_1_39' title='bbox 217 740 257 798; x_wconf 92' lang='lat' dir='ltr'><strong>rit</strong></span> <span class='ocrx_word' id='word_1_40' title='bbox 271 735 412 800; x_wconf 80' lang='lat' dir='ltr'><strong>Evander</strong></span> <span class='ocrx_word' id='word_1_41' title='bbox 427 735 529 795; x_wconf 85' lang='lat' dir='ltr'><strong>loedus</strong></span> <span class='ocrx_word' id='word_1_42' title='bbox 545 734 766 820; x_wconf 73' lang='lat' dir='ltr'>hospitalitatis</span> <span class='ocrx_word' id='word_1_43' title='bbox 785 757 856 802; x_wconf 84' lang='lat' dir='ltr'><strong>cum</strong></span> <span class='ocrx_word' id='word_1_44' title='bbox 870 739 980 812; x_wconf 74' lang='lat' dir='ltr'><strong>AEnea3</strong></span> <span class='ocrx_word' id='word_1_45' title='bbox 1002 739 1121 808; x_wconf 78' lang='lat' dir='ltr'><strong>dederit</strong></span> <span class='ocrx_word' id='word_1_46' title='bbox 1139 739 1267 808; x_wconf 67' lang='lat' dir='ltr'><strong>filiurnz</strong></span> 
     </span>
     <span class='ocr_line' id='line_1_7' title="bbox 217 825 1184 911; baseline 0 -23"><span class='ocrx_word' id='word_1_47' title='bbox 217 827 291 911; x_wconf 87' lang='lat' dir='ltr'><strong>quid</strong></span> <span class='ocrx_word' id='word_1_48' title='bbox 306 827 436 896; x_wconf 85' lang='lat' dir='ltr'><strong>habebit</strong></span> <span class='ocrx_word' id='word_1_49' title='bbox 448 826 486 889; x_wconf 86' lang='lat' dir='ltr'><strong>ah</strong></span> <span class='ocrx_word' id='word_1_50' title='bbox 501 847 537 888; x_wconf 90' lang='lat' dir='ltr'><strong>eo</strong></span> <span class='ocrx_word' id='word_1_51' title='bbox 554 825 706 908; x_wconf 76' lang='lat' dir='ltr'><strong>hospitio,</strong></span> <span class='ocrx_word' id='word_1_52' title='bbox 722 828 780 889; x_wconf 86' lang='lat' dir='ltr'><strong>nisi</strong></span> <span class='ocrx_word' id='word_1_53' title='bbox 794 831 958 908; x_wconf 76' lang='lat' dir='ltr'><strong>praemium</strong></span> <span class='ocrx_word' id='word_1_54' title='bbox 974 827 1030 888; x_wconf 83' lang='lat' dir='ltr'><strong>filii</strong></span> <span class='ocrx_word' id='word_1_55' title='bbox 1046 829 1184 896; x_wconf 80' lang='lat' dir='ltr'><strong>mortui?</strong></span> 
     </span>
    </p>

    <p class='ocr_par' dir='ltr' id='par_1_3' title="bbox 155 914 1306 2076">
     <span class='ocr_line' id='line_1_8' title="bbox 262 914 1270 997; baseline 0.003 -21"><span class='ocrx_word' id='word_1_56' title='bbox 262 914 331 997; x_wconf 68' lang='lat'><strong>495.</strong></span> <span class='ocrx_word' id='word_1_57' title='bbox 354 916 515 996; x_wconf 85' lang='lat' dir='ltr'><strong>Repetitur</strong></span> <span class='ocrx_word' id='word_1_58' title='bbox 534 915 742 992; x_wconf 78' lang='lat' dir='ltr'><strong>contumelia3</strong></span> <span class='ocrx_word' id='word_1_59' title='bbox 765 935 840 980; x_wconf 87' lang='lat' dir='ltr'><strong>narn</strong></span> <span class='ocrx_word' id='word_1_60' title='bbox 861 917 973 976; x_wconf 89' lang='lat' dir='ltr'><strong>iterum</strong></span> <span class='ocrx_word' id='word_1_61' title='bbox 996 933 1138 983; x_wconf 89' lang='lat' dir='ltr'><strong>mortuus</strong></span> <span class='ocrx_word' id='word_1_62' title='bbox 1163 915 1270 979; x_wconf 80' lang='lat' dir='ltr'><strong>Pallas</strong></span> 
     </span>
     <span class='ocr_line' id='line_1_9' title="bbox 218 1004 1273 1098; baseline -0.004 -32"><span class='ocrx_word' id='word_1_63' title='bbox 218 1006 296 1098; x_wconf 87' lang='lat' dir='ltr'><strong>pede</strong></span> <span class='ocrx_word' id='word_1_64' title='bbox 314 1006 484 1088; x_wconf 88' lang='lat' dir='ltr'><strong>premitur:</strong></span> <span class='ocrx_word' id='word_1_65' title='bbox 511 1007 593 1088; x_wconf 86' lang='lat' dir='ltr'><strong>rapit</strong></span> <span class='ocrx_word' id='word_1_66' title='bbox 611 1007 706 1066; x_wconf 87' lang='lat' dir='ltr'><strong>etiam</strong></span> <span class='ocrx_word' id='word_1_67' title='bbox 722 1007 845 1072; x_wconf 82' lang='lat' dir='ltr'><strong>Turnus</strong></span> <span class='ocrx_word' id='word_1_68' title='bbox 864 1007 1017 1087; x_wconf 89' lang='lat' dir='ltr'><strong>spolium,</strong></span> <span class='ocrx_word' id='word_1_69' title='bbox 1038 1007 1182 1066; x_wconf 83' lang='lat' dir='ltr'><strong>videlicet</strong></span> <span class='ocrx_word' id='word_1_70' title='bbox 1199 1004 1273 1064; x_wconf 89' lang='lat' dir='ltr'><strong>bal-</strong></span> 
     </span>
     <span class='ocr_line' id='line_1_10' title="bbox 219 1092 1271 1178; baseline -0.006 -20"><span class='ocrx_word' id='word_1_71' title='bbox 219 1111 302 1158; x_wconf 90' lang='lat' dir='ltr'><strong>teum</strong></span> <span class='ocrx_word' id='word_1_72' title='bbox 320 1096 553 1178; x_wconf 85' lang='lat' dir='ltr'><strong>ponderosum,</strong></span> <span class='ocrx_word' id='word_1_73' title='bbox 566 1097 599 1155; x_wconf 90' lang='lat' dir='ltr'><strong>in</strong></span> <span class='ocrx_word' id='word_1_74' title='bbox 617 1116 679 1176; x_wconf 91' lang='lat' dir='ltr'><strong>quo</strong></span> <span class='ocrx_word' id='word_1_75' title='bbox 690 1092 870 1159; x_wconf 87' lang='lat' dir='ltr'><strong>Danaidum</strong></span> <span class='ocrx_word' id='word_1_76' title='bbox 888 1095 993 1160; x_wconf 83' lang='lat' dir='ltr'><strong>caelata</strong></span> <span class='ocrx_word' id='word_1_77' title='bbox 1012 1095 1136 1174; x_wconf 80' lang='lat' dir='ltr'><strong>fabula,</strong></span> <span class='ocrx_word' id='word_1_78' title='bbox 1158 1096 1271 1177; x_wconf 87' lang='lat' dir='ltr'><strong>potius</strong></span> 
     </span>
     <span class='ocr_line' id='line_1_11' title="bbox 219 1183 1273 1270; baseline -0.004 -24"><span class='ocrx_word' id='word_1_79' title='bbox 219 1186 316 1270; x_wconf 85' lang='lat' dir='ltr'><strong>nefus,</strong></span> <span class='ocrx_word' id='word_1_80' title='bbox 331 1206 424 1266; x_wconf 88' lang='lat' dir='ltr'><strong>opera</strong></span> <span class='ocrx_word' id='word_1_81' title='bbox 441 1183 567 1248; x_wconf 83' lang='lat' dir='ltr'><strong>artificis</strong></span> <span class='ocrx_word' id='word_1_82' title='bbox 584 1185 781 1266; x_wconf 53' lang='lat' dir='ltr'><strong>Eurynome</strong></span> <span class='ocrx_word' id='word_1_83' title='bbox 801 1183 896 1270; x_wconf 85' lang='lat' dir='ltr'><strong>idque</strong></span> <span class='ocrx_word' id='word_1_84' title='bbox 912 1205 947 1244; x_wconf 84' lang='lat' dir='ltr'><strong>ex</strong></span> <span class='ocrx_word' id='word_1_85' title='bbox 963 1206 1053 1260; x_wconf 84' lang='lat' dir='ltr'><strong>aum,</strong></span> <span class='ocrx_word' id='word_1_86' title='bbox 1070 1197 1100 1246; x_wconf 89' lang='lat' dir='ltr'><strong>et</strong></span> <span class='ocrx_word' id='word_1_87' title='bbox 1118 1183 1194 1244; x_wconf 86' lang='lat' dir='ltr'><strong>inde</strong></span> <span class='ocrx_word' id='word_1_88' title='bbox 1213 1185 1273 1242; x_wconf 86' lang='lat' dir='ltr'><strong>im·</strong></span> 
     </span>
     <span class='ocr_line' id='line_1_12' title="bbox 221 1271 1275 1355; baseline -0.007 -20"><span class='ocrx_word' id='word_1_89' title='bbox 221 1277 321 1336; x_wconf 84' lang='lat' dir='ltr'><strong>manin</strong></span> <span class='ocrx_word' id='word_1_90' title='bbox 338 1276 391 1335; x_wconf 89' lang='lat' dir='ltr'><strong>illa</strong></span> <span class='ocrx_word' id='word_1_91' title='bbox 408 1273 493 1336; x_wconf 82' lang='lat' dir='ltr'><strong>baltei</strong></span> <span class='ocrx_word' id='word_1_92' title='bbox 505 1273 642 1355; x_wconf 74' lang='lat' dir='ltr'><strong>pondera.</strong></span> <span class='ocrx_word' id='word_1_93' title='bbox 666 1272 783 1344; x_wconf 78' lang='lat' dir='ltr'><strong>Fabula</strong></span> <span class='ocrx_word' id='word_1_94' title='bbox 800 1271 866 1337; x_wconf 72' lang='lat' dir='ltr'><strong>haic</strong></span> <span class='ocrx_word' id='word_1_95' title='bbox 882 1289 944 1336; x_wconf 86' lang='lat' dir='ltr'><strong>est:</strong></span> <span class='ocrx_word' id='word_1_96' title='bbox 963 1275 1089 1335; x_wconf 87' lang='lat' dir='ltr'><strong>Danaus</strong></span> <span class='ocrx_word' id='word_1_97' title='bbox 1108 1287 1138 1335; x_wconf 89' lang='lat' dir='ltr'><strong>et</strong></span> <span class='ocrx_word' id='word_1_98' title='bbox 1155 1275 1275 1354; x_wconf 76' lang='lat' dir='ltr'><strong>l&#39;dgyp-¹</strong></span> 
     </span>
     <span class='ocr_line' id='line_1_13' title="bbox 222 1361 1274 1446; baseline -0.002 -22"><span class='ocrx_word' id='word_1_99' title='bbox 222 1379 270 1424; x_wconf 88' lang='lat' dir='ltr'><strong>tus</strong></span> <span class='ocrx_word' id='word_1_100' title='bbox 289 1365 399 1426; x_wconf 84' lang='lat' dir='ltr'><strong>fratres</strong></span> <span class='ocrx_word' id='word_1_101' title='bbox 417 1363 504 1426; x_wconf 89' lang='lat' dir='ltr'><strong>fuere</strong></span> <span class='ocrx_word' id='word_1_102' title='bbox 520 1385 532 1435; x_wconf 67' lang='grc' dir='ltr'><strong>ς,</strong></span> <span class='ocrx_word' id='word_1_103' title='bbox 548 1361 659 1423; x_wconf 89' lang='lat' dir='ltr'><strong>habuit</strong></span> <span class='ocrx_word' id='word_1_104' title='bbox 677 1363 730 1424; x_wconf 88' lang='lat' dir='ltr'><strong>ille</strong></span> <span class='ocrx_word' id='word_1_105' title='bbox 749 1362 828 1426; x_wconf 86' lang='lat' dir='ltr'><strong>filias</strong></span> <span class='ocrx_word' id='word_1_106' title='bbox 847 1365 1092 1446; x_wconf 73' lang='lat' dir='ltr'><strong>quinquaginta,</strong></span> <span class='ocrx_word' id='word_1_107' title='bbox 1113 1363 1166 1424; x_wconf 92' lang='lat' dir='ltr'><strong>hic</strong></span> <span class='ocrx_word' id='word_1_108' title='bbox 1185 1361 1274 1422; x_wconf 84' lang='lat' dir='ltr'><strong>filios</strong></span> 
     </span>
     <span class='ocr_line' id='line_1_14' title="bbox 221 1451 1275 1536; baseline -0.004 -22"><span class='ocrx_word' id='word_1_109' title='bbox 221 1455 370 1516; x_wconf 85' lang='lat' dir='ltr'><strong>totidem:</strong></span> <span class='ocrx_word' id='word_1_110' title='bbox 390 1475 523 1536; x_wconf 81' lang='lat' dir='ltr'><strong>nupsere</strong></span> <span class='ocrx_word' id='word_1_111' title='bbox 536 1451 598 1526; x_wconf 75' lang='lat' dir='ltr'><strong>illae</strong></span> <span class='ocrx_word' id='word_1_112' title='bbox 612 1454 677 1516; x_wconf 84' lang='lat' dir='ltr'><strong>suis</strong></span> <span class='ocrx_word' id='word_1_113' title='bbox 690 1454 821 1514; x_wconf 82' lang='lat' dir='ltr'><strong>totidem</strong></span> <span class='ocrx_word' id='word_1_114' title='bbox 838 1454 1048 1536; x_wconf 80' lang='lat' dir='ltr'><strong>patruelibus,</strong></span> <span class='ocrx_word' id='word_1_115' title='bbox 1067 1475 1148 1536; x_wconf 90' lang='lat' dir='ltr'><strong>qnos</strong></span> <span class='ocrx_word' id='word_1_116' title='bbox 1165 1455 1275 1536; x_wconf 82' lang='lat' dir='ltr'><strong>prima</strong></span> 
     </span>
     <span class='ocr_line' id='line_1_15' title="bbox 221 1539 1275 1624; baseline -0.004 -22"><span class='ocrx_word' id='word_1_117' title='bbox 221 1539 358 1623; x_wconf 82' lang='lat' dir='ltr'><strong>conjugii</strong></span> <span class='ocrx_word' id='word_1_118' title='bbox 373 1556 464 1609; x_wconf 80' lang='lat' dir='ltr'><strong>nocte</strong></span> <span class='ocrx_word' id='word_1_119' title='bbox 477 1539 559 1610; x_wconf 80' lang='lat' dir='ltr'><strong>foede</strong></span> <span class='ocrx_word' id='word_1_120' title='bbox 569 1539 771 1622; x_wconf 82' lang='lat' dir='ltr'><strong>jugularunt,</strong></span> <span class='ocrx_word' id='word_1_121' title='bbox 790 1555 915 1623; x_wconf 83' lang='lat' dir='ltr'><strong>excepta</strong></span> <span class='ocrx_word' id='word_1_122' title='bbox 929 1563 991 1602; x_wconf 90' lang='lat' dir='ltr'><strong>una</strong></span> <span class='ocrx_word' id='word_1_123' title='bbox 1008 1545 1275 1624; x_wconf 74' lang='lat' dir='ltr'><strong>Hypermestra,</strong></span> 
     </span>
     <span class='ocr_line' id='line_1_16' title="bbox 224 1631 1276 1718; baseline 0.002 -28"><span class='ocrx_word' id='word_1_124' title='bbox 224 1653 293 1712; x_wconf 77' lang='lat' dir='ltr'><strong>quae</strong></span> <span class='ocrx_word' id='word_1_125' title='bbox 310 1634 432 1714; x_wconf 86' lang='lat' dir='ltr'><strong>Lynceo</strong></span> <span class='ocrx_word' id='word_1_126' title='bbox 449 1631 584 1718; x_wconf 82' lang='lat' dir='ltr'><strong>pepercit</strong></span> <span class='ocrx_word' id='word_1_127' title='bbox 604 1635 672 1700; x_wconf 80' lang='lat' dir='ltr'><strong>viro</strong></span> <span class='ocrx_word' id='word_1_128' title='bbox 691 1650 765 1703; x_wconf 75' lang='lat' dir='ltr'><strong>suot</strong></span> <span class='ocrx_word' id='word_1_129' title='bbox 789 1633 831 1693; x_wconf 81' lang='lat' dir='ltr'><strong>sic</strong></span> <span class='ocrx_word' id='word_1_130' title='bbox 851 1631 922 1702; x_wconf 78' lang='lat' dir='ltr'><strong>utta</strong></span> <span class='ocrx_word' id='word_1_131' title='bbox 943 1645 1014 1701; x_wconf 81' lang='lat' dir='ltr'><strong>sunt</strong></span> <span class='ocrx_word' id='word_1_132' title='bbox 1033 1631 1104 1690; x_wconf 81' lang='lat' dir='ltr'><strong>liliae</strong></span> <span class='ocrx_word' id='word_1_133' title='bbox 1124 1644 1276 1712; x_wconf 79' lang='lat' dir='ltr'><strong>paternas</strong></span> 
     </span>
     <span class='ocr_line' id='line_1_17' title="bbox 224 1719 1306 1803; baseline -0.003 -23"><span class='ocrx_word' id='word_1_134' title='bbox 224 1721 419 1791; x_wconf 77' lang='lat' dir='ltr'><strong>inimicitiasr</strong></span> <span class='ocrx_word' id='word_1_135' title='bbox 440 1719 545 1791; x_wconf 89' lang='lat' dir='ltr'><strong>hostili</strong></span> <span class='ocrx_word' id='word_1_136' title='bbox 563 1721 647 1780; x_wconf 90' lang='lat' dir='ltr'><strong>enim</strong></span> <span class='ocrx_word' id='word_1_137' title='bbox 665 1721 770 1785; x_wconf 82' lang='lat' dir='ltr'><strong>auimo</strong></span> <span class='ocrx_word' id='word_1_138' title='bbox 787 1721 915 1787; x_wconf 85' lang='lat' dir='ltr'><strong>Danaus</strong></span> <span class='ocrx_word' id='word_1_139' title='bbox 934 1735 965 1786; x_wconf 80' lang='lat' dir='ltr'><strong>ot</strong></span> <span class='ocrx_word' id='word_1_140' title='bbox 980 1723 1128 1803; x_wconf 81' lang='lat' dir='ltr'><strong>AEgyptus</strong></span> <span class='ocrx_word' id='word_1_141' title='bbox 1149 1739 1278 1802; x_wconf 85' lang='lat' dir='ltr'><strong>semper</strong></span> <span class='ocrx_word' id='word_1_142' title='bbox 1299 1721 1306 1733; x_wconf 91' lang='lat'>&#39;</span> 
     </span>
     <span class='ocr_line' id='line_1_18' title="bbox 223 1807 1275 1890; baseline -0.006 -20"><span class='ocrx_word' id='word_1_143' title='bbox 223 1808 368 1880; x_wconf 76' lang='lat' dir='ltr'><strong>fuerunt3</strong></span> <span class='ocrx_word' id='word_1_144' title='bbox 381 1829 488 1872; x_wconf 81' lang='lat' dir='ltr'><strong>causas</strong></span> <span class='ocrx_word' id='word_1_145' title='bbox 499 1807 599 1878; x_wconf 85' lang='lat' dir='ltr'><strong>adulti</strong></span> <span class='ocrx_word' id='word_1_146' title='bbox 609 1807 675 1876; x_wconf 84' lang='lat' dir='ltr'><strong>odii</strong></span> <span class='ocrx_word' id='word_1_147' title='bbox 685 1821 776 1890; x_wconf 88' lang='lat' dir='ltr'><strong>atque</strong></span> <span class='ocrx_word' id='word_1_148' title='bbox 787 1808 843 1872; x_wconf 86' lang='lat' dir='ltr'><strong>ulti</strong></span> <span class='ocrx_word' id='word_1_149' title='bbox 855 1810 1001 1876; x_wconf 82' lang='lat' dir='ltr'><strong>atrociter</strong></span> <span class='ocrx_word' id='word_1_150' title='bbox 1006 1811 1059 1890; x_wconf 80' lang='lat' dir='ltr'><strong>,in</strong></span> <span class='ocrx_word' id='word_1_151' title='bbox 1069 1809 1138 1868; x_wconf 91' lang='lat' dir='ltr'><strong>aliis</strong></span> <span class='ocrx_word' id='word_1_152' title='bbox 1149 1813 1275 1890; x_wconf 73' lang='lat' dir='ltr'><strong>quaer&#39;e3</strong></span> 
     </span>
     <span class='ocr_line' id='line_1_19' title="bbox 224 1893 1277 1980; baseline -0.004 -22"><span class='ocrx_word' id='word_1_153' title='bbox 224 1901 319 1979; x_wconf 76' lang='lat' dir='ltr'><strong>igitur</strong></span> <span class='ocrx_word' id='word_1_154' title='bbox 337 1897 396 1979; x_wconf 82' lang='lat' dir='ltr'><strong>hoc</strong></span> <span class='ocrx_word' id='word_1_155' title='bbox 415 1899 549 1980; x_wconf 84' lang='lat' dir='ltr'><strong>pretioso</strong></span> <span class='ocrx_word' id='word_1_156' title='bbox 570 1896 670 1979; x_wconf 93' lang='lat' dir='ltr'><strong>spolio</strong></span> <span class='ocrx_word' id='word_1_157' title='bbox 689 1893 811 1970; x_wconf 79' lang='lat' dir='ltr'><strong>Turnus</strong></span> <span class='ocrx_word' id='word_1_158' title='bbox 829 1899 940 1964; x_wconf 82' lang='lat' dir='ltr'><strong>eximie</strong></span> <span class='ocrx_word' id='word_1_159' title='bbox 958 1897 1098 1968; x_wconf 75' lang='lat' dir='ltr'><strong>laetatur:</strong></span> <span class='ocrx_word' id='word_1_160' title='bbox 1120 1899 1277 1979; x_wconf 77' lang='lat' dir='ltr'><strong>gaudium</strong></span> 
     </span>
     <span class='ocr_line' id='line_1_20' title="bbox 155 1981 1278 2076; baseline -0.003 -26"><span class='ocrx_word' id='word_1_161' title='bbox 155 2017 158 2022; x_wconf 94' lang='lat'>·</span> <span class='ocrx_word' id='word_1_162' title='bbox 222 1981 310 2050; x_wconf 44' lang='lat' dir='ltr'><strong>&#39;eninr</strong></span> <span class='ocrx_word' id='word_1_163' title='bbox 321 2009 412 2069; x_wconf 90' lang='lat' dir='ltr'><strong>supra</strong></span> <span class='ocrx_word' id='word_1_164' title='bbox 423 1987 552 2060; x_wconf 83' lang='lat' dir='ltr'><strong>modum</strong></span> <span class='ocrx_word' id='word_1_165' title='bbox 565 2008 701 2076; x_wconf 73' lang='lat' dir='ltr'><strong>agnosce</strong></span> <span class='ocrx_word' id='word_1_166' title='bbox 710 2002 757 2047; x_wconf 92' lang='lat' dir='ltr'><strong>tot</strong></span> <span class='ocrx_word' id='word_1_167' title='bbox 768 1985 914 2068; x_wconf 65' lang='lat' dir='ltr'><strong>vocibusq</strong></span> <span class='ocrx_word' id='word_1_168' title='bbox 927 2002 1011 2063; x_wconf 82' lang='lat' dir='ltr'><strong>ovat;</strong></span> <span class='ocrx_word' id='word_1_169' title='bbox 1021 1989 1146 2072; x_wconf 53' lang='lat' dir='ltr'><strong>qaudam</strong></span> <span class='ocrx_word' id='word_1_170' title='bbox 1154 1991 1278 2071; x_wconf 67' lang='lat' dir='ltr'><strong>potitius.</strong></span> 
     </span>
    </p>

    <p class='ocr_par' dir='ltr' id='par_1_4' title="bbox 227 2075 1279 2339">
     <span class='ocr_line' id='line_1_21' title="bbox 267 2075 1279 2159; baseline -0.003 -23"><span class='ocrx_word' id='word_1_171' title='bbox 267 2079 333 2136; x_wconf 75' lang='lat'>501.</span> <span class='ocrx_word' id='word_1_172' title='bbox 354 2078 473 2136; x_wconf 88' lang='lat' dir='ltr'><strong>Excitat</strong></span> <span class='ocrx_word' id='word_1_173' title='bbox 490 2089 580 2157; x_wconf 85' lang='lat' dir='ltr'><strong>poeta</strong></span> <span class='ocrx_word' id='word_1_174' title='bbox 599 2077 710 2145; x_wconf 81' lang='lat' dir='ltr'><strong>minam</strong></span> <span class='ocrx_word' id='word_1_175' title='bbox 723 2082 976 2158; x_wconf 76' lang='lat' dir='ltr'><strong>conquestionem</strong></span> <span class='ocrx_word' id='word_1_176' title='bbox 994 2079 1033 2138; x_wconf 88' lang='lat' dir='ltr'><strong>ab</strong></span> <span class='ocrx_word' id='word_1_177' title='bbox 1048 2075 1279 2159; x_wconf 87' lang='lat' dir='ltr'><strong>intemperanti</strong></span> 
     </span>
     <span class='ocr_line' id='line_1_22' title="bbox 227 2166 1276 2251; baseline -0.002 -23"><span class='ocrx_word' id='word_1_178' title='bbox 227 2169 323 2228; x_wconf 76' lang='lat' dir='ltr'><strong>Turni</strong></span> <span class='ocrx_word' id='word_1_179' title='bbox 341 2166 474 2247; x_wconf 75' lang='lat' dir='ltr'><strong>gaudio,</strong></span> <span class='ocrx_word' id='word_1_180' title='bbox 494 2168 548 2248; x_wconf 90' lang='lat' dir='ltr'><strong>qui</strong></span> <span class='ocrx_word' id='word_1_181' title='bbox 565 2166 744 2231; x_wconf 87' lang='lat' dir='ltr'><strong>futurorum</strong></span> <span class='ocrx_word' id='word_1_182' title='bbox 764 2169 890 2249; x_wconf 84' lang='lat' dir='ltr'><strong>ignarus</strong></span> <span class='ocrx_word' id='word_1_183' title='bbox 905 2169 1028 2251; x_wconf 77' lang='lat' dir='ltr'><strong>nullum</strong></span> <span class='ocrx_word' id='word_1_184' title='bbox 1043 2189 1126 2240; x_wconf 81' lang='lat' dir='ltr'><strong>nunc</strong></span> <span class='ocrx_word' id='word_1_185' title='bbox 1141 2167 1276 2228; x_wconf 89' lang='lat' dir='ltr'><strong>modum</strong></span> 
     </span>
     <span class='ocr_line' id='line_1_23' title="bbox 227 2253 1278 2339; baseline -0.002 -23"><span class='ocrx_word' id='word_1_186' title='bbox 227 2257 261 2316; x_wconf 88' lang='lat' dir='ltr'><strong>in</strong></span> <span class='ocrx_word' id='word_1_187' title='bbox 280 2253 420 2332; x_wconf 83' lang='lat' dir='ltr'><strong>secundis</strong></span> <span class='ocrx_word' id='word_1_188' title='bbox 439 2254 583 2328; x_wconf 56' lang='lat' dir='ltr'><strong>haberem</strong></span> <span class='ocrx_word' id='word_1_189' title='bbox 612 2256 698 2338; x_wconf 85' lang='lat' dir='ltr'><strong>atqui</strong></span> <span class='ocrx_word' id='word_1_190' title='bbox 717 2256 859 2317; x_wconf 82' lang='lat' dir='ltr'><strong>futurum</strong></span> <span class='ocrx_word' id='word_1_191' title='bbox 879 2259 1017 2339; x_wconf 86' lang='lat' dir='ltr'><strong>ternpus,</strong></span> <span class='ocrx_word' id='word_1_192' title='bbox 1038 2259 1070 2316; x_wconf 94' lang='lat' dir='ltr'><strong>in</strong></span> <span class='ocrx_word' id='word_1_193' title='bbox 1090 2277 1155 2338; x_wconf 91' lang='lat' dir='ltr'><strong>quo</strong></span> <span class='ocrx_word' id='word_1_194' title='bbox 1176 2254 1278 2320; x_wconf 83' lang='lat' dir='ltr'><strong>nollet</strong></span> 
     </span>
    </p>
   </div>
   <div class='ocr_carea' id='block_1_3' title="bbox 227 2375 1278 4048">
    <p class='ocr_par' dir='ltr' id='par_1_5' title="bbox 227 2375 1278 3722">
     <span class='ocr_line' id='line_1_24' title="bbox 227 2375 1277 2452; baseline -0.002 -22"><span class='ocrx_word' id='word_1_195' title='bbox 227 2377 366 2446; x_wconf 74' lang='lat' dir='ltr'><strong>Evandro,</strong></span> <span class='ocrx_word' id='word_1_196' title='bbox 378 2391 405 2442; x_wconf 79' lang='lat' dir='ltr'><strong>et</strong></span> <span class='ocrx_word' id='word_1_197' title='bbox 412 2377 525 2441; x_wconf 82' lang='lat' dir='ltr'><strong>Pallanti</strong></span> <span class='ocrx_word' id='word_1_198' title='bbox 534 2380 666 2446; x_wconf 85' lang='lat' dir='ltr'><strong>infensus,</strong></span> <span class='ocrx_word' id='word_1_199' title='bbox 676 2397 727 2451; x_wconf 78' lang='lat' dir='ltr'><strong>pro</strong></span> <span class='ocrx_word' id='word_1_200' title='bbox 771 2381 872 2452; x_wconf 83' lang='lat' dir='ltr'><strong>passim</strong></span> <span class='ocrx_word' id='word_1_201' title='bbox 887 2381 914 2444; x_wconf 75' lang='lat' dir='ltr'><strong>ip</strong></span> <span class='ocrx_word' id='word_1_202' title='bbox 929 2379 1066 2432; x_wconf 84' lang='lat' dir='ltr'><strong>codicibus</strong></span> <span class='ocrx_word' id='word_1_203' title='bbox 1080 2379 1219 2449; x_wconf 87' lang='lat' dir='ltr'><strong>impressis</strong></span> <span class='ocrx_word' id='word_1_204' title='bbox 1229 2375 1277 2428; x_wconf 53' lang='lat' dir='ltr'><strong>lias</strong></span> 
     </span>
     <span class='ocr_line' id='line_1_25' title="bbox 227 2457 1278 2528; baseline -0.004 -16"><span class='ocrx_word' id='word_1_205' title='bbox 227 2459 376 2522; x_wconf 75' lang='lat' dir='ltr'><strong>malefactis</strong></span> <span class='ocrx_word' id='word_1_206' title='bbox 395 2460 607 2518; x_wconf 75' lang='lat' dir='ltr'><strong>benevolentiam</strong></span> <span class='ocrx_word' id='word_1_207' title='bbox 630 2459 728 2524; x_wconf 84' lang='lat' dir='ltr'><strong>redde·</strong></span> <span class='ocrx_word' id='word_1_208' title='bbox 772 2460 863 2522; x_wconf 63' lang='lat' dir='ltr'><strong>betur}</strong></span> <span class='ocrx_word' id='word_1_209' title='bbox 885 2458 931 2511; x_wconf 88' lang='lat' dir='ltr'><strong>sed</strong></span> <span class='ocrx_word' id='word_1_210' title='bbox 953 2461 980 2516; x_wconf 87' lang='lat' dir='ltr'><strong>in</strong></span> <span class='ocrx_word' id='word_1_211' title='bbox 1001 2460 1116 2528; x_wconf 80' lang='lat' dir='ltr'><strong>antiquis</strong></span> <span class='ocrx_word' id='word_1_212' title='bbox 1136 2457 1278 2528; x_wconf 78' lang='lat' dir='ltr'><strong>Eurytides</strong></span> 
     </span>
     <span class='ocr_line' id='line_1_26' title="bbox 227 2538 1275 2612; baseline -0.003 -22"><span class='ocrx_word' id='word_1_213' title='bbox 227 2551 285 2599; x_wconf 75' lang='lat' dir='ltr'><strong>ret:</strong></span> <span class='ocrx_word' id='word_1_214' title='bbox 301 2539 371 2592; x_wconf 90' lang='lat' dir='ltr'><strong>unde</strong></span> <span class='ocrx_word' id='word_1_215' title='bbox 386 2539 435 2590; x_wconf 93' lang='lat' dir='ltr'><strong>sub</strong></span> <span class='ocrx_word' id='word_1_216' title='bbox 450 2541 565 2612; x_wconf 75' lang='lat' dir='ltr'><strong>imagine</strong></span> <span class='ocrx_word' id='word_1_217' title='bbox 577 2540 728 2592; x_wconf 88' lang='lat' dir='ltr'><strong>humanita·</strong></span> <span class='ocrx_word' id='word_1_218' title='bbox 772 2558 827 2592; x_wconf 87' lang='lat' dir='ltr'><strong>uno</strong></span> <span class='ocrx_word' id='word_1_219' title='bbox 835 2541 953 2591; x_wconf 84' lang='lat' dir='ltr'><strong>omnium</strong></span> <span class='ocrx_word' id='word_1_220' title='bbox 962 2555 1093 2590; x_wconf 80' lang='lat' dir='ltr'><strong>consensu</strong></span> <span class='ocrx_word' id='word_1_221' title='bbox 1101 2538 1222 2608; x_wconf 84' lang='lat' dir='ltr'><strong>positum</strong></span> <span class='ocrx_word' id='word_1_222' title='bbox 1229 2549 1275 2588; x_wconf 87' lang='lat' dir='ltr'><strong>est.</strong></span> 
     </span>
     <span class='ocr_line' id='line_1_27' title="bbox 228 2616 1276 2690; baseline 0.003 -22"><span class='ocrx_word' id='word_1_223' title='bbox 228 2619 275 2680; x_wconf 82' lang='lat' dir='ltr'><strong>tis,</strong></span> <span class='ocrx_word' id='word_1_224' title='bbox 293 2616 355 2668; x_wconf 89' lang='lat' dir='ltr'><strong>dum</strong></span> <span class='ocrx_word' id='word_1_225' title='bbox 369 2629 464 2686; x_wconf 83' lang='lat' dir='ltr'><strong>sponte</strong></span> <span class='ocrx_word' id='word_1_226' title='bbox 475 2619 545 2686; x_wconf 89' lang='lat' dir='ltr'><strong>patri</strong></span> <span class='ocrx_word' id='word_1_227' title='bbox 557 2617 646 2671; x_wconf 87' lang='lat' dir='ltr'><strong>reddit</strong></span> <span class='ocrx_word' id='word_1_228' title='bbox 657 2621 729 2670; x_wconf 89' lang='lat' dir='ltr'><strong>occi·</strong></span> <span class='ocrx_word' id='word_1_229' title='bbox 772 2619 917 2690; x_wconf 86' lang='lat' dir='ltr'><strong>Epitheton</strong></span> <span class='ocrx_word' id='word_1_230' title='bbox 925 2637 988 2683; x_wconf 80' lang='lat' dir='ltr'><strong>vero</strong></span> <span class='ocrx_word' id='word_1_231' title='bbox 997 2616 1276 2671; x_wconf 79' lang='lat' dir='ltr'><strong>illudboausinmanu</strong></span> 
     </span>
     <span class='ocr_line' id='line_1_28' title="bbox 230 2695 1276 2768; baseline 0 -22"><span class='ocrx_word' id='word_1_232' title='bbox 230 2714 302 2759; x_wconf 85' lang='lat' dir='ltr'><strong>sum,</strong></span> <span class='ocrx_word' id='word_1_233' title='bbox 324 2695 404 2756; x_wconf 83' lang='lat' dir='ltr'><strong>etiarn</strong></span> <span class='ocrx_word' id='word_1_234' title='bbox 422 2699 522 2763; x_wconf 84' lang='lat' dir='ltr'><strong>patrias</strong></span> <span class='ocrx_word' id='word_1_235' title='bbox 537 2713 629 2765; x_wconf 79' lang='lat' dir='ltr'><strong>poenas</strong></span> <span class='ocrx_word' id='word_1_236' title='bbox 648 2715 729 2760; x_wconf 83' lang='lat' dir='ltr'><strong>cona·</strong></span> <span class='ocrx_word' id='word_1_237' title='bbox 773 2700 879 2768; x_wconf 79' lang='lat' dir='ltr'><strong>scriptis</strong></span> <span class='ocrx_word' id='word_1_238' title='bbox 891 2697 1086 2768; x_wconf 85' lang='lat' dir='ltr'><strong>exemplaribus</strong></span> <span class='ocrx_word' id='word_1_239' title='bbox 1096 2697 1199 2748; x_wconf 88' lang='lat' dir='ltr'><strong>variat:</strong></span> <span class='ocrx_word' id='word_1_240' title='bbox 1214 2714 1276 2747; x_wconf 87' lang='lat' dir='ltr'><strong>nam</strong></span> 
     </span>
     <span class='ocr_line' id='line_1_29' title="bbox 230 2774 1277 2850; baseline 0 -24"><span class='ocrx_word' id='word_1_241' title='bbox 230 2775 579 2845; x_wconf 76' lang='lat' dir='ltr'><strong>t&#39;urexigerersupraeuim</strong></span> <span class='ocrx_word' id='word_1_242' title='bbox 592 2777 728 2846; x_wconf 78' lang='lat' dir='ltr'><strong>professus</strong></span> <span class='ocrx_word' id='word_1_243' title='bbox 772 2776 911 2850; x_wconf 78' lang='lat' dir='ltr'><strong>Oblongus</strong></span> <span class='ocrx_word' id='word_1_244' title='bbox 935 2777 1034 2842; x_wconf 69' lang='lat' dir='ltr'><strong>codex,</strong></span> <span class='ocrx_word' id='word_1_245' title='bbox 1066 2774 1223 2840; x_wconf 70' lang='lat' dir='ltr'><strong>Medicam,</strong></span> <span class='ocrx_word' id='word_1_246' title='bbox 1251 2786 1277 2836; x_wconf 75' lang='lat' dir='ltr'><strong>et</strong></span> 
     </span>
     <span class='ocr_line' id='line_1_30' title="bbox 230 2851 1275 2932; baseline -0.001 -27"><span class='ocrx_word' id='word_1_247' title='bbox 230 2867 282 2920; x_wconf 72' lang='lat' dir='ltr'><strong>est,</strong></span> <span class='ocrx_word' id='word_1_248' title='bbox 294 2851 358 2924; x_wconf 88' lang='lat' dir='ltr'><strong>qnid</strong></span> <span class='ocrx_word' id='word_1_249' title='bbox 367 2853 447 2913; x_wconf 87' lang='lat' dir='ltr'><strong>animi</strong></span> <span class='ocrx_word' id='word_1_250' title='bbox 455 2866 642 2924; x_wconf 74' lang='lat' dir='ltr'><strong>gereretznam</strong></span> <span class='ocrx_word' id='word_1_251' title='bbox 650 2855 727 2907; x_wconf 85' lang='lat' dir='ltr'><strong>dixit:</strong></span> <span class='ocrx_word' id='word_1_252' title='bbox 774 2856 877 2926; x_wconf 79' lang='lat' dir='ltr'><strong>aliquot</strong></span> <span class='ocrx_word' id='word_1_253' title='bbox 891 2875 922 2910; x_wconf 80' lang='lat' dir='ltr'><strong>ex</strong></span> <span class='ocrx_word' id='word_1_254' title='bbox 935 2857 981 2921; x_wconf 83' lang='lat' dir='ltr'><strong>iis,</strong></span> <span class='ocrx_word' id='word_1_255' title='bbox 998 2857 1043 2926; x_wconf 93' lang='lat' dir='ltr'><strong>qui</strong></span> <span class='ocrx_word' id='word_1_256' title='bbox 1056 2853 1128 2932; x_wconf 73' lang='lat' dir='ltr'><strong>apud</strong></span> <span class='ocrx_word' id='word_1_257' title='bbox 1142 2873 1185 2908; x_wconf 88' lang='lat' dir='ltr'><strong>me</strong></span> <span class='ocrx_word' id='word_1_258' title='bbox 1201 2866 1275 2918; x_wconf 86' lang='lat' dir='ltr'><strong>sunt,</strong></span> 
     </span>
     <span class='ocr_line' id='line_1_31' title="bbox 232 2927 1276 3007; baseline -0.002 -21"><span class='ocrx_word' id='word_1_259' title='bbox 232 2932 330 2989; x_wconf 67' lang='lat' dir='ltr'><strong>asolus</strong></span> <span class='ocrx_word' id='word_1_260' title='bbox 344 2950 393 3007; x_wconf 77' lang='lat' dir='ltr'><strong>ego</strong></span> <span class='ocrx_word' id='word_1_261' title='bbox 408 2933 436 2992; x_wconf 87' lang='lat' dir='ltr'><strong>in</strong></span> <span class='ocrx_word' id='word_1_262' title='bbox 449 2929 568 2992; x_wconf 81' lang='lat' dir='ltr'><strong>Pallanta</strong></span> <span class='ocrx_word' id='word_1_263' title='bbox 581 2934 668 2998; x_wconf 80' lang='lat' dir='ltr'><strong>feror,</strong></span> <span class='ocrx_word' id='word_1_264' title='bbox 683 2954 730 2986; x_wconf 86' lang='lat' dir='ltr'><strong>cu·</strong></span> <span class='ocrx_word' id='word_1_265' title='bbox 776 2935 871 2986; x_wconf 83' lang='lat' dir='ltr'><strong>Clonus</strong></span> <span class='ocrx_word' id='word_1_266' title='bbox 879 2927 988 2996; x_wconf 72' lang='lat' dir='ltr'><strong>habent.</strong></span> <span class='ocrx_word' id='word_1_267' title='bbox 999 2936 1134 2996; x_wconf 80' lang='lat' dir='ltr'><strong>Romanus</strong></span> <span class='ocrx_word' id='word_1_268' title='bbox 1148 2952 1205 2992; x_wconf 85' lang='lat' dir='ltr'><strong>una</strong></span> <span class='ocrx_word' id='word_1_269' title='bbox 1216 2933 1276 3006; x_wconf 91' lang='lat' dir='ltr'><strong>plus</strong></span> 
     </span>
     <span class='ocr_line' id='line_1_32' title="bbox 230 3011 1276 3098; baseline 0 -32"><span class='ocrx_word' id='word_1_270' title='bbox 230 3033 321 3098; x_wconf 64' lang='lat' dir='ltr'><strong>pereni</strong></span> <span class='ocrx_word' id='word_1_271' title='bbox 335 3015 392 3084; x_wconf 79' lang='lat' dir='ltr'><strong>ipse</strong></span> <span class='ocrx_word' id='word_1_272' title='bbox 403 3029 500 3082; x_wconf 81' lang='lat' dir='ltr'><strong>parens</strong></span> <span class='ocrx_word' id='word_1_273' title='bbox 510 3025 645 3083; x_wconf 85' lang='lat' dir='ltr'><strong>spectator</strong></span> <span class='ocrx_word' id='word_1_274' title='bbox 655 3011 730 3073; x_wconf 72' lang='lat' dir='ltr'><strong>ades·</strong></span> <span class='ocrx_word' id='word_1_275' title='bbox 774 3012 852 3065; x_wconf 86' lang='lat' dir='ltr'><strong>litera</strong></span> <span class='ocrx_word' id='word_1_276' title='bbox 864 3014 985 3067; x_wconf 82' lang='lat' dir='ltr'><strong>Cluuius:</strong></span> <span class='ocrx_word' id='word_1_277' title='bbox 1000 3015 1068 3077; x_wconf 82' lang='lat' dir='ltr'><strong>alius</strong></span> <span class='ocrx_word' id='word_1_278' title='bbox 1081 3013 1166 3066; x_wconf 85' lang='lat' dir='ltr'><strong>codex</strong></span> <span class='ocrx_word' id='word_1_279' title='bbox 1178 3033 1276 3084; x_wconf 88' lang='lat' dir='ltr'><strong>perve-</strong></span> 
     </span>
     <span class='ocr_line' id='line_1_33' title="bbox 232 3092 1277 3164; baseline 0.002 -22"><span class='ocrx_word' id='word_1_280' title='bbox 232 3109 292 3150; x_wconf 79' lang='lat' dir='ltr'><strong>set·</strong></span> <span class='ocrx_word' id='word_1_281' title='bbox 307 3113 313 3144; x_wconf 91' lang='lat'>:</span> <span class='ocrx_word' id='word_1_282' title='bbox 333 3093 405 3164; x_wconf 91' lang='lat' dir='ltr'><strong>quod</strong></span> <span class='ocrx_word' id='word_1_283' title='bbox 418 3094 481 3163; x_wconf 89' lang='lat' dir='ltr'><strong>quia</strong></span> <span class='ocrx_word' id='word_1_284' title='bbox 493 3093 593 3152; x_wconf 81' lang='lat' dir='ltr'><strong>iactum</strong></span> <span class='ocrx_word' id='word_1_285' title='bbox 604 3111 659 3145; x_wconf 88' lang='lat' dir='ltr'><strong>non</strong></span> <span class='ocrx_word' id='word_1_286' title='bbox 675 3105 729 3158; x_wconf 86' lang='lat' dir='ltr'><strong>est,</strong></span> <span class='ocrx_word' id='word_1_287' title='bbox 773 3105 859 3157; x_wconf 77' lang='lat' dir='ltr'><strong>tustus</strong></span> <span class='ocrx_word' id='word_1_288' title='bbox 870 3095 977 3154; x_wconf 74' lang='lat' dir='ltr'><strong>Comus:</strong></span> <span class='ocrx_word' id='word_1_289' title='bbox 988 3092 1036 3144; x_wconf 87' lang='lat' dir='ltr'><strong>sed</strong></span> <span class='ocrx_word' id='word_1_290' title='bbox 1044 3110 1127 3162; x_wconf 87' lang='lat' dir='ltr'><strong>quum</strong></span> <span class='ocrx_word' id='word_1_291' title='bbox 1138 3093 1277 3162; x_wconf 82' lang='lat' dir='ltr'><strong>Eurytides</strong></span> 
     </span>
     <span class='ocr_line' id='line_1_34' title="bbox 232 3170 1274 3244; baseline -0.004 -19"><span class='ocrx_word' id='word_1_292' title='bbox 232 3175 285 3238; x_wconf 82' lang='lat' dir='ltr'><strong>alio</strong></span> <span class='ocrx_word' id='word_1_293' title='bbox 301 3191 397 3244; x_wconf 72' lang='lat' dir='ltr'><strong>genere</strong></span> <span class='ocrx_word' id='word_1_294' title='bbox 414 3172 540 3242; x_wconf 85' lang='lat' dir='ltr'><strong>cupiebat</strong></span> <span class='ocrx_word' id='word_1_295' title='bbox 561 3171 680 3242; x_wconf 78' lang='lat' dir='ltr'><strong>impleri3</strong></span> <span class='ocrx_word' id='word_1_296' title='bbox 700 3185 731 3236; x_wconf 84' lang='lat' dir='ltr'><strong>ut</strong></span> <span class='ocrx_word' id='word_1_297' title='bbox 774 3175 808 3224; x_wconf 85' lang='lat' dir='ltr'><strong>sit</strong></span> <span class='ocrx_word' id='word_1_298' title='bbox 835 3173 1012 3244; x_wconf 78' lang='lat' dir='ltr'><strong>patronymici</strong></span> <span class='ocrx_word' id='word_1_299' title='bbox 1039 3172 1140 3236; x_wconf 81' lang='lat' dir='ltr'><strong>forma,</strong></span> <span class='ocrx_word' id='word_1_300' title='bbox 1166 3170 1274 3235; x_wconf 72' lang='lat' dir='ltr'><strong>Clonus,</strong></span> 
     </span>
     <span class='ocr_line' id='line_1_35' title="bbox 233 3247 1274 3326; baseline -0.002 -22"><span class='ocrx_word' id='word_1_301' title='bbox 233 3255 278 3326; x_wconf 89' lang='lat' dir='ltr'><strong>qui</strong></span> <span class='ocrx_word' id='word_1_302' title='bbox 299 3247 437 3315; x_wconf 76' lang='lat' dir='ltr'><strong>cadentem</strong></span> <span class='ocrx_word' id='word_1_303' title='bbox 457 3250 540 3304; x_wconf 87' lang='lat' dir='ltr'><strong>lilium</strong></span> <span class='ocrx_word' id='word_1_304' title='bbox 559 3265 680 3324; x_wconf 84' lang='lat' dir='ltr'><strong>spectare</strong></span> <span class='ocrx_word' id='word_1_305' title='bbox 701 3255 730 3306; x_wconf 89' lang='lat' dir='ltr'><strong>in</strong></span> <span class='ocrx_word' id='word_1_306' title='bbox 775 3251 848 3322; x_wconf 91' lang='lat' dir='ltr'><strong>quod</strong></span> <span class='ocrx_word' id='word_1_307' title='bbox 860 3253 887 3304; x_wconf 91' lang='lat' dir='ltr'><strong>iu</strong></span> <span class='ocrx_word' id='word_1_308' title='bbox 901 3250 1039 3304; x_wconf 84' lang='lat' dir='ltr'><strong>codicibus</strong></span> <span class='ocrx_word' id='word_1_309' title='bbox 1049 3249 1274 3314; x_wconf 74' lang='lat' dir='ltr'><strong>emendatioribus</strong></span> 
     </span>
     <span class='ocr_line' id='line_1_36' title="bbox 232 3325 1274 3403; baseline 0 -23"><span class='ocrx_word' id='word_1_310' title='bbox 232 3349 327 3401; x_wconf 76' lang='lat' dir='ltr'><strong>campo</strong></span> <span class='ocrx_word' id='word_1_311' title='bbox 344 3348 398 3381; x_wconf 90' lang='lat' dir='ltr'><strong>non</strong></span> <span class='ocrx_word' id='word_1_312' title='bbox 414 3332 557 3400; x_wconf 83' lang='lat' dir='ltr'><strong>potuisset,</strong></span> <span class='ocrx_word' id='word_1_313' title='bbox 576 3332 603 3382; x_wconf 92' lang='lat' dir='ltr'><strong>in</strong></span> <span class='ocrx_word' id='word_1_314' title='bbox 622 3325 730 3388; x_wconf 83' lang='lat' dir='ltr'><strong>sedibus</strong></span> <span class='ocrx_word' id='word_1_315' title='bbox 774 3329 902 3396; x_wconf 72' lang='lat' dir='ltr'><strong>habetur,</strong></span> <span class='ocrx_word' id='word_1_316' title='bbox 914 3349 964 3403; x_wconf 86' lang='lat' dir='ltr'><strong>pro</strong></span> <span class='ocrx_word' id='word_1_317' title='bbox 974 3331 1082 3382; x_wconf 86' lang='lat' dir='ltr'><strong>nomine</strong></span> <span class='ocrx_word' id='word_1_318' title='bbox 1092 3328 1274 3403; x_wconf 79' lang='lat' dir='ltr'><strong>propriomihi</strong></span> 
     </span>
     <span class='ocr_line' id='line_1_37' title="bbox 232 3409 1273 3483; baseline -0.001 -22"><span class='ocrx_word' id='word_1_319' title='bbox 232 3411 286 3473; x_wconf 80' lang='lat' dir='ltr'><strong>suis</strong></span> <span class='ocrx_word' id='word_1_320' title='bbox 298 3409 400 3483; x_wconf 85' lang='lat' dir='ltr'><strong>positus</strong></span> <span class='ocrx_word' id='word_1_321' title='bbox 417 3409 518 3460; x_wconf 86' lang='lat' dir='ltr'><strong>rideret</strong></span> <span class='ocrx_word' id='word_1_322' title='bbox 535 3413 661 3470; x_wconf 76' lang='lat' dir='ltr'><strong>occisum.</strong></span> <span class='ocrx_word' id='word_1_323' title='bbox 681 3413 730 3464; x_wconf 61' lang='lat' dir='ltr'><strong>Les</strong></span> <span class='ocrx_word' id='word_1_324' title='bbox 774 3411 859 3482; x_wconf 75' lang='lat' dir='ltr'><strong>tnagis</strong></span> <span class='ocrx_word' id='word_1_325' title='bbox 881 3409 979 3482; x_wconf 87' lang='lat' dir='ltr'><strong>placet.</strong></span> <span class='ocrx_word' id='word_1_326' title='bbox 1002 3409 1154 3482; x_wconf 78' lang='lat' dir='ltr'><strong>Legendum</strong></span> <span class='ocrx_word' id='word_1_327' title='bbox 1178 3411 1273 3481; x_wconf 79' lang='lat' dir='ltr'><strong>igitur,</strong></span> 
     </span>
     <span class='ocr_line' id='line_1_38' title="bbox 233 3487 1273 3564; baseline -0.003 -21"><span class='ocrx_word' id='word_1_328' title='bbox 233 3493 292 3544; x_wconf 81' lang='lat' dir='ltr'><strong>vius</strong></span> <span class='ocrx_word' id='word_1_329' title='bbox 312 3489 395 3553; x_wconf 88' lang='lat' dir='ltr'><strong>enim,</strong></span> <span class='ocrx_word' id='word_1_330' title='bbox 415 3487 542 3560; x_wconf 83' lang='lat' dir='ltr'><strong>utsupra</strong></span> <span class='ocrx_word' id='word_1_331' title='bbox 558 3490 658 3542; x_wconf 86' lang='lat' dir='ltr'><strong>dictum</strong></span> <span class='ocrx_word' id='word_1_332' title='bbox 676 3503 731 3550; x_wconf 80' lang='lat' dir='ltr'><strong>est,</strong></span> <span class='ocrx_word' id='word_1_333' title='bbox 775 3507 834 3564; x_wconf 83' lang='lat' dir='ltr'><strong>quoe</strong></span> <span class='ocrx_word' id='word_1_334' title='bbox 854 3489 948 3550; x_wconf 77' lang='lat' dir='ltr'><strong>Clonus</strong></span> <span class='ocrx_word' id='word_1_335' title='bbox 965 3490 1116 3562; x_wconf 74' lang='lat' dir='ltr'><strong>Eurytides5</strong></span> <span class='ocrx_word' id='word_1_336' title='bbox 1135 3489 1210 3561; x_wconf 90' lang='lat' dir='ltr'><strong>quod</strong></span> <span class='ocrx_word' id='word_1_337' title='bbox 1231 3489 1273 3541; x_wconf 84' lang='lat' dir='ltr'><strong>ad·.</strong></span> 
     </span>
     <span class='ocr_line' id='line_1_39' title="bbox 233 3566 1273 3642; baseline -0.002 -20"><span class='ocrx_word' id='word_1_338' title='bbox 233 3568 368 3632; x_wconf 83' lang='lat' dir='ltr'><strong>dolemus,</strong></span> <span class='ocrx_word' id='word_1_339' title='bbox 380 3568 403 3630; x_wconf 81' lang='lat' dir='ltr'><strong>si</strong></span> <span class='ocrx_word' id='word_1_340' title='bbox 418 3566 561 3620; x_wconf 85' lang='lat' dir='ltr'><strong>audiantur</strong></span> <span class='ocrx_word' id='word_1_341' title='bbox 572 3569 641 3621; x_wconf 87' lang='lat' dir='ltr'><strong>mala</strong></span> <span class='ocrx_word' id='word_1_342' title='bbox 652 3591 658 3622; x_wconf 72' lang='grc' dir='ltr'><strong><em>ε</em></strong></span> <span class='ocrx_word' id='word_1_343' title='bbox 671 3583 731 3642; x_wconf 62' lang='lat' dir='ltr'><strong>gra*</strong></span> <span class='ocrx_word' id='word_1_344' title='bbox 775 3569 834 3622; x_wconf 87' lang='lat' dir='ltr'><strong>misi</strong></span> <span class='ocrx_word' id='word_1_345' title='bbox 851 3583 914 3642; x_wconf 91' lang='lat' dir='ltr'><strong>post</strong></span> <span class='ocrx_word' id='word_1_346' title='bbox 930 3571 1059 3633; x_wconf 82' lang='lat' dir='ltr'><strong>Pierium:</strong></span> <span class='ocrx_word' id='word_1_347' title='bbox 1079 3567 1139 3622; x_wconf 86' lang='lat' dir='ltr'><strong>vide</strong></span> <span class='ocrx_word' id='word_1_348' title='bbox 1157 3567 1211 3620; x_wconf 77' lang='lat' dir='ltr'><strong>vol.</strong></span> <span class='ocrx_word' id='word_1_349' title='bbox 1232 3570 1273 3635; x_wconf 77' lang='lat' dir='ltr'><strong>W,</strong></span> 
     </span>
     <span class='ocr_line' id='line_1_40' title="bbox 232 3644 1013 3722; baseline 0.003 -21"><span class='ocrx_word' id='word_1_350' title='bbox 232 3651 289 3702; x_wconf 82' lang='lat' dir='ltr'><strong>rius</strong></span> <span class='ocrx_word' id='word_1_351' title='bbox 299 3665 377 3712; x_wconf 84' lang='lat' dir='ltr'><strong>vero,</strong></span> <span class='ocrx_word' id='word_1_352' title='bbox 391 3647 413 3704; x_wconf 87' lang='lat' dir='ltr'><strong>si</strong></span> <span class='ocrx_word' id='word_1_353' title='bbox 423 3644 572 3702; x_wconf 81' lang='lat' dir='ltr'><strong>videantur.</strong></span> <span class='ocrx_word' id='word_1_354' title='bbox 585 3649 681 3700; x_wconf 85' lang='lat' dir='ltr'><strong>Donat.</strong></span> <span class='ocrx_word' id='word_1_355' title='bbox 776 3668 839 3722; x_wconf 75' lang='lat' dir='ltr'><strong>pag,</strong></span> <span class='ocrx_word' id='word_1_356' title='bbox 858 3647 915 3702; x_wconf 84' lang='lat'>150.</span> <span class='ocrx_word' id='word_1_357' title='bbox 1011 3691 1013 3698; x_wconf 27' lang='lat' dir='ltr'><strong>i</strong></span> 
     </span>
    </p>

    <p class='ocr_par' dir='ltr' id='par_1_6' title="bbox 233 3727 1273 4048">
     <span class='ocr_line' id='line_1_41' title="bbox 268 3727 1272 3796; baseline 0.005 -22"><span class='ocrx_word' id='word_1_358' title='bbox 268 3728 327 3796; x_wconf 72' lang='lat'>499.</span> <span class='ocrx_word' id='word_1_359' title='bbox 347 3727 434 3785; x_wconf 82' lang='lat' dir='ltr'><strong>Bonus</strong></span> <span class='ocrx_word' id='word_1_360' title='bbox 451 3727 588 3796; x_wconf 84' lang='lat' dir='ltr'><strong>Eurytion.</strong></span> <span class='ocrx_word' id='word_1_361' title='bbox 609 3727 678 3780; x_wconf 87' lang='lat' dir='ltr'><strong>Laus</strong></span> <span class='ocrx_word' id='word_1_362' title='bbox 695 3729 730 3781; x_wconf 92' lang='lat' dir='ltr'><strong>ab</strong></span> <span class='ocrx_word' id='word_1_363' title='bbox 811 3728 1272 3786; x_wconf 80' lang='lat' dir='ltr'><strong>501.Nesciameuslromiuum.lloo</strong></span> 
     </span>
     <span class='ocr_line' id='line_1_42' title="bbox 234 3805 1273 3880; baseline 0.002 -22"><span class='ocrx_word' id='word_1_364' title='bbox 234 3807 333 3874; x_wconf 64' lang='lat' dir='ltr'><strong>petilius</strong></span> <span class='ocrx_word' id='word_1_365' title='bbox 346 3825 352 3854; x_wconf 76' lang='grc' dir='ltr'><strong>ε</strong></span> <span class='ocrx_word' id='word_1_366' title='bbox 372 3815 415 3864; x_wconf 87' lang='lat' dir='ltr'><strong>ut,</strong></span> <span class='ocrx_word' id='word_1_367' title='bbox 438 3805 526 3856; x_wconf 84' lang='lat' dir='ltr'><strong>«mira</strong></span> <span class='ocrx_word' id='word_1_368' title='bbox 538 3823 616 3876; x_wconf 86' lang='lat' dir='ltr'><strong>quem</strong></span> <span class='ocrx_word' id='word_1_369' title='bbox 629 3807 731 3862; x_wconf 84' lang='lat' dir='ltr'><strong>fecerat</strong></span> <span class='ocrx_word' id='word_1_370' title='bbox 775 3807 810 3862; x_wconf 89' lang='lat' dir='ltr'><strong>ad</strong></span> <span class='ocrx_word' id='word_1_371' title='bbox 819 3809 938 3869; x_wconf 81' lang='lat' dir='ltr'><strong>Turnum</strong></span> <span class='ocrx_word' id='word_1_372' title='bbox 948 3811 1077 3878; x_wconf 77' lang='lat' dir='ltr'><strong>pertinet3</strong></span> <span class='ocrx_word' id='word_1_373' title='bbox 1091 3809 1273 3880; x_wconf 80' lang='lat' dir='ltr'><strong>quiapropter</strong></span> 
     </span>
     <span class='ocr_line' id='line_1_43' title="bbox 234 3885 1271 3967; baseline 0.007 -30"><span class='ocrx_word' id='word_1_374' title='bbox 234 3902 289 3952; x_wconf 73' lang='lat' dir='ltr'><strong>arte</strong></span> <span class='ocrx_word' id='word_1_375' title='bbox 299 3888 413 3956; x_wconf 76' lang='lat' dir='ltr'><strong>Lycaon.</strong></span> <span class='ocrx_word' id='word_1_376' title='bbox 425 3909 436 3933; x_wconf 70' lang='lat' dir='ltr'><em>n</em></span> <span class='ocrx_word' id='word_1_377' title='bbox 451 3887 532 3948; x_wconf 89' lang='lat' dir='ltr'><strong>ltem,</strong></span> <span class='ocrx_word' id='word_1_378' title='bbox 545 3908 555 3932; x_wconf 82' lang='lat' dir='ltr'><strong>u</strong></span> <span class='ocrx_word' id='word_1_379' title='bbox 566 3885 649 3941; x_wconf 87' lang='lat' dir='ltr'><strong>divini</strong></span> <span class='ocrx_word' id='word_1_380' title='bbox 662 3905 729 3959; x_wconf 90' lang='lat' dir='ltr'><strong>opus</strong></span> <span class='ocrx_word' id='word_1_381' title='bbox 773 3887 845 3948; x_wconf 87' lang='lat' dir='ltr'><strong>hunc</strong></span> <span class='ocrx_word' id='word_1_382' title='bbox 856 3887 974 3939; x_wconf 85' lang='lat' dir='ltr'><strong>balteum</strong></span> <span class='ocrx_word' id='word_1_383' title='bbox 986 3888 1132 3956; x_wconf 88' lang='lat' dir='ltr'><strong>occiditur,</strong></span> <span class='ocrx_word' id='word_1_384' title='bbox 1143 3889 1203 3952; x_wconf 80' lang='lat' dir='ltr'><strong>AEn·</strong></span> <span class='ocrx_word' id='word_1_385' title='bbox 1214 3885 1271 3967; x_wconf 80' lang='lat' dir='ltr'><strong>Xlt,</strong></span> 
     </span>
     <span class='ocr_line' id='line_1_44' title="bbox 233 3961 1056 4048; baseline 0 -30"><span class='ocrx_word' id='word_1_386' title='bbox 233 3961 454 4034; x_wconf 54' lang='lat' dir='ltr'><strong>Alcimedontis„</strong></span> <span class='ocrx_word' id='word_1_387' title='bbox 472 3966 542 4022; x_wconf 82' lang='lat' dir='ltr'><strong>Serv.</strong></span> <span class='ocrx_word' id='word_1_388' title='bbox 554 3995 589 4004; x_wconf 89' lang='lat'><strong>—·</strong></span> <span class='ocrx_word' id='word_1_389' title='bbox 598 3967 728 4038; x_wconf 70' lang='lat' dir='ltr'><strong>Eurytion</strong></span> <span class='ocrx_word' id='word_1_390' title='bbox 772 3968 833 4048; x_wconf 69' lang='lat'><strong>949.</strong></span> <span class='ocrx_word' id='word_1_391' title='bbox 848 3967 922 4020; x_wconf 83' lang='lat' dir='ltr'><strong>Seru.</strong></span> <span class='ocrx_word' id='word_1_392' title='bbox 935 3981 962 4020; x_wconf 87' lang='lat' dir='ltr'><strong>et</strong></span> <span class='ocrx_word' id='word_1_393' title='bbox 974 3967 1056 4030; x_wconf 70' lang='lat' dir='ltr'><strong>Taub.</strong></span> 
     </span>
    </p>
   </div>
   <div class='ocr_carea' id='block_1_4' title="bbox 0 0 1376 4582">
    <p class='ocr_par' dir='ltr' id='par_1_7' title="bbox 0 0 1376 4582">
     <span class='ocr_line' id='line_1_45' title="bbox 0 0 1376 4582; baseline 0 0"><span class='ocrx_word' id='word_1_394' title='bbox 0 0 1376 4582; x_wconf 95' lang='lat' dir='ltr'><strong> </strong></span> 
     </span>
    </p>
   </div>
  </div>
 </body>
</html>
