2706 4596
442 304 797 370 EDlTlONlBUS.
1080 307 1141 373 503

577 443 661 542 15'20.

137 579 288 662 Vimilius.
307 583 397 660 (cum
408 581 585 640 minoribns
597 577 787 661 Opusculis)
807 580 973 642 Florentiae
990 603 1043 663 per
1059 579 1149 643 litere·

91 667 144 728 des
156 667 289 752 Philippi
302 674 402 732 Juntae
415 689 494 730 nono
507 666 579 730 Kal.
594 677 663 749 Auq
666 705 1008 730 ..................
1017 669 1147 731 81520.

135 758 266 818 (Iuravit
278 779 347 819 eam
356 757 504 819 Antonius
514 758 680 818 Frunoinus
692 758 723 819 V
720 755 895 818 archicensis
905 761 916 837 (
925 771 968 818 est
980 759 1006 818 is
1015 758 1147 819 Antonio

90 849 237 908 Francim'
251 847 274 908 il
283 851 314 911 V
311 847 417 908 ecelsis.
428 846 498 907 Vid.
511 847 604 926 Negri
615 848 751 906 istoria...
767 845 811 906 ἅθ’
826 849 989 910 Fiorentini
1000 849 1147 920 Serittori,

90 957 126 1018 p.
140 937 212 1016 60),
231 959 305 998 usus
321 937 441 1020 judicio
460 935 582 998 Nicolai
599 933 720 1018 Anqelii
737 938 909 996 Biminensis
926 935 983 1016 (de
1003 935 1064 998 boe
1080 935 1146 1021 vid.

91 1023 176 1086 ibid.
199 1047 231 1109 p.
251 1031 310 1103 4²⁰
321 1041 352 1090 et
364 1029 486 1090 luntin.
502 1030 639 1110 Typogr.
649 1027 667 1085 Ἰ
678 1048 749 1109 pag.
765 1027 891 1109 5osq.).
903 1027 1150 1108 Comparatione

90 1114 241 1176 institute
253 1116 407 1193 intellexi,
421 1138 493 1180 oum
507 1116 623 1176 Aldina
636 1117 741 1198 prime
755 1129 785 1176 et
798 1115 936 1176 secunda
950 1132 1148 1175 eam-conve-

92 1206 181 1279 niret
200 1224 272 1268 cum
291 1221 395 1271 autem
413 1227 555 1289 expresse
573 1207 612 1266 sit
630 1226 667 1265 ex
689 1206 761 1265 edit.
784 1207 887 1266 Juntae
910 1205 1049 1266 Florent.
1069 1205 1150 1266 11510

93 1291 156 1372 (de
169 1309 231 1376 que
243 1296 303 1358 vid.
317 1319 410 1380 supra
422 1295 454 1356 h.
468 1318 495 1356 e.
504 1297 530 1375 )‚
542 1295 668 1355 videtur
678 1293 855 1376 exemplum
866 1292 959 1374 hujus
970 1294 1009 1352 ab
1018 1291 1151 1372 Angelio

94 1383 316 1450 emendatum.
335 1408 394 1448 nec
409 1386 562 1446 tamenin
578 1384 688 1444 multis
700 1383 798 1460 locis,
818 1403 882 1443 esse
896 1382 1032 1442 librariis
1046 1381 1149 1463 operis

96 1471 259 1535 traditum.
272 1475 408 1536 Praelixte
419 1496 516 1558 porro
527 1485 601 1534 suut
612 1496 619 1532 z
631 1469 933 1553 Benedictiaphiloloqi
946 1469 1120 1549 (Benedetto
1129 1465 1155 1528 il

87 1555 234 1641 flitrinio,
252 1563 316 1624 vid.
333 1563 426 1644 Negri
443 1561 520 1622 ibid.
534 1582 605 1643 pag.
623 1581 661 1639 92
679 1571 710 1620 et
722 1561 810 1618 lunt.
826 1561 960 1640 Tppogr.
974 1578 1009 1641 p.
1022 1555 1079 1635 60)
1095 1553 1151 1616 uiri

94 1650 276 1728 peritissimi,
289 1655 321 1713 in
334 1655 365 1715 V
363 1650 719 1734 imiliumunnotutiones.
731 1651 812 1710 Sunt
826 1667 870 1708 em
882 1647 990 1730 petrem
1001 1661 1151 1722 numero,

96 1743 309 1817 grammaticae
329 1741 394 1802 fere
413 1741 609 1812 subtilitatis,
630 1737 685 1800 sed
704 1759 762 1820 pro
781 1738 844 1798 illis
867 1737 1061 1820 temporibus
1082 1756 1150 1796 nou

95 1830 347 1906 contemnendae,
361 1845 393 1890 et
405 1852 423 1890 a
435 1851 485 1908 me
498 1821 628 1911 singulis
641 1827 720 1888 locis
735 1841 914 1888 memoratae
930 1828 965 1887 in
978 1828 1051 1885 Ver.
1063 1827 1149 1884 Lect.

95 1915 283 1996 Respioiunt
292 1939 342 1978 ees
351 1919 517 2000 aliquoties
527 1916 698 1992 viridocti,
713 1930 745 1976 et
757 1928 894 1998 receptas
904 1937 942 1974 ex
954 1915 991 1974 iis
1004 1914 1151 1974 lectiones

95 2003 301 2088 impugnant,
315 2020 351 2068 ut
364 2006 428 2067 Ecl.
439 2007 526 2082 vlll,
538 2030 590 2091 77,
603 2010 710 2080 Necte,
719 2003 883 2087 Amarylli,
894 2004 995 2066 nodos.
1007 2003 1152 2064 Pervenit

95 2089 163 2152 baec
174 2094 271 2156 editio
285 2097 323 2158 ed
336 2095 482 2158 Biblioth.
494 2097 588 2158 Aead.
599 2117 635 2158 ex
646 2109 726 2156 auct.
736 2097 930 2156 Askew'iene.
941 2095 987 2154 De
996 2093 1151 2152 Freneino

98 2193 130 2240 et
148 2183 314 2246 Benedicto
332 2186 411 2246 adde
427 2188 526 2248 socios
543 2187 701 2267 Bipontin.
719 2205 751 2265 p.
773 2175 841 2246 356.
856 2169 947 2242 June?
964 2178 1153 2264 typogrepb.

99 2270 215 2332 Annel.
227 2273 270 2348 ll,
307 2321 315 2336 .
332 2277 365 2336 15
389 2319 396 2334 .

142 2361 252 2441 Opera,
269 2297 337 2423 ellm
350 2278 444 2425 Sbroir‘
456 2363 618 2422 Comment.
635 2360 850 2420 accuratissime
862 2355 1051 2416 emendatis...
1066 2353 1156 2414 Probi

99 2451 371 2528 commentariolus,
386 2463 490 2513 ete-
500 2451 639 2510 Venetiis
650 2451 686 2508 in
701 2445 821 2508 sedibus
836 2447 891 2506 Ge.
905 2445 945 2504 de
956 2444 1155 2532 Ruscotiibus

100 2539 163 2599 suis
173 2541 325 2624 impensis
335 2543 438 2603 excusi
446 2539 811 2624 etperBapt.Egnetium
819 2540 974 2596 Venetum
985 2532 1155 2594 emendati.

106 2668 1017 2694 ..............................................
1023 2623 1053 2701 i.
1069 2627 1155 2686 1520.

141 2719 187 2776 Ex
201 2719 340 2781 editione
353 2722 460 2782 Venet.
484 2720 575 2800 1507,
595 2715 706 2778 iisdem
720 2717 804 2798 typis
822 2713 983 2774 literarum
1001 2726 1031 2773 et
1043 2712 1155 2774 eodem

100 2801 252 2868 foliorum
272 2832 416 2872 numero.
434 2799 629 2870 Memoretur
643 2809 737 2866 etiem
751 2805 925 2866 Maitteirio
939 2807 974 2864 T.
988 2804 1033 2879 ll,
1047 2822 1084 2883 tp.
1096 2800 1156 2860 600

99 2885 270 2974 (Biblioth.
284 2901 377 2961 bced.
388 2899 558 2980 Gotting.).

143 2988 174 3048 V
173 2987 298 3072 imitus,
314 2993 395 3074 typis
409 2987 575 3052 Michaelis
590 2983 793 3067 Lescbenger.
808 2985 911 3044 Paris.
924 3025 932 3039 .
944 3026 952 3043 .
964 3023 972 3041 .
984 3026 991 3040 .
1005 2983 1047 3054 vl·
1071 2981 1157 3042 1520.

142 3071 243 3137 Maitt.
257 3079 337 3138 Ann.
348 3081 427 3160 Typ.
439 3080 474 3136 T.
490 3077 534 3151 ll,
549 3097 581 3156 p.
596 3074 664 3154 599.

142 3167 178 3224 P.
192 3157 229 3228 V.
242 3169 288 3225 M.
306 3167 415 3246 Opera,
428 3161 577 3244 Opuscula
588 3176 617 3222 et
628 3163 776 3243 Priapeia.
798 3160 975 3240 Argentinae
990 3157 1025 3214 in
1037 3151 1158 3216 aedibus

103 3241 155 3310 Jo.
169 3241 402 3328 ¹Kuoblaucli'ii,
419 3271 479 3312 aere
499 3251 664 3310 communi
680 3247 785 3308 Paulli
806 3249 884 3308 Goez
904 3263 1009 3305 mense
1028 3242 1158 3304 Octobri

103 3329 226 3400 MDxx
233 3381 503 3402 ..............
515 3362 523 3376 ·
536 3375 1019 3400 ........................
1022 3335 1055 3394 8.
1072 3331 1160 3392 Ι2520.

146 3421 247 3488 Maitt.
261 3416 428 3506 in'lndice‚
441 3450 473 3512 p.
488 3429 555 3512 327.
571 3426 665 3488 Conf.
678 3448 706 3486 e.
722 3425 807 3504 1509.

146 3518 183 3575 P.
196 3519 233 3578 V.
246 3517 293 3575 M.
306 3520 415 3578 AEner's.
429 3515 475 3576 Ex
483 3516 605 3577 'sedibus
619 3513 844 3575 Seburerianis.
860 3513 989 3592 Argent.
1002 3554 1009 3569 .
1022 3507 1056 3582 ‚4
1074 3509 1159 3568 1520.

148 3601 313 3682 (Biblioth.
326 3604 417 3664 Acad.
428 3606 569 3684 Gotting.
582 3603 707 3699 e‘oopiis
717 3600 888 3697 Duvienis)
898 3598 970 3659 vide
980 3616 1073 3680 supra
1087 3595 1160 3654 1515

108 3695 269 3774 Argentin.

593 3783 676 3842 1521.

152 3925 183 3983 V
182 3922 291 4004 opilius
295 3949 307 3998 ,·
316 3928 348 3983 in
361 3926 584 4010 ehaleoyruplria
595 3925 736 3986 Guilebnr'
751 3927 860 4004 Huyon
869 3877 1049 4002 impresseris
1061 3913 1161 3976 seduli.

108 4014 256 4095 Lugduni
268 4055 1021 4080 ......................................
1030 4012 1056 4070 8.
1077 4009 1162 4070 1521.
