2720 4588
358 259 410 322 m
434 258 668 324 nucinas
692 235 786 324 mii.
810 263 896 327 xri.
1082 289 1144 356 217

105 404 166 442 non
187 402 282 442 ausus
305 379 446 440 attollere
464 395 572 441 contra
590 384 716 442 AEnean.
736 384 891 460 Tertium,
910 386 1033 448 tabentes
1046 410 1144 470 qenoe,

104 474 185 532 visus
205 473 291 530 enim
311 482 357 530 est
376 471 477 529 subita
501 470 636 552 quadam
657 474 753 530 macie
773 473 950 536 deformari.
976 476 1145 552 Quartum,

21 621 22 624 ,
101 557 196 642 pallor
207 562 238 618 in
246 580 364 640 corpore
363 556 492 642 juvenili
496 604 505 632 ,
519 562 573 641 qui
584 558 688 641 pallor
700 572 818 621 secutus
829 564 867 621 ab
879 564 992 638 macie,
1007 587 1069 646 qua
1081 565 1146 647 pal-

101 647 190 708 lidus.
208 651 282 710 Haec
301 650 410 710 omnia
427 651 732 710 commiserationem
748 650 937 712 movebant:
960 675 1033 713 nam
1053 653 1145 735 quale

20 742 21 796 ζ
102 751 142 798 est
158 737 310 818 juvenem
330 739 495 798 florentem
516 753 623 814 aetate,
643 753 674 799 et
690 739 855 818 juventute
869 741 1023 819 validum,
1038 744 1145 804 induci

20 875 21 888 i
101 849 170 887 curn
189 827 261 887 tabe
276 841 306 888 et
320 827 460 910 pallore?

137 937 206 976 222.
219 917 414 976 Observabat
424 919 441 975 J
445 929 557 976 uturna
566 931 729 976 momenta
739 920 846 976 omnia
856 919 895 978 ad
903 920 1145 997 disturbandum

98 1003 215 1080 foedus,
230 1018 261 1064 et
280 1007 472 1088 singularem
493 1027 705 1086 congressum.
726 1007 824 1086 Ergo,
846 1022 878 1066 ut
898 1008 978 1068 vidit
999 1012 1146 1084 uariantis

19 1121 20 1124 ¹
97 1093 183 1173 vulgi
206 1095 393 1167 sententiaa,
413 1093 502 1151 nulla
523 1113 612 1150 mora
633 1095 833 1172 interposita,
857 1096 991 1154 Camerti
1010 1095 1145 1154 formam

98 1179 249 1255 referens,
262 1182 411 1262 irrumpit
423 1183 455 1239 in
467 1180 585 1240 medias
597 1181 692 1256 acies,
703 1181 873 1262 incipitque
885 1203 1024 1242 rumores
1035 1185 1068 1241 in
1078 1183 1146 1242 vul-

97 1291 151 1350 gus
162 1291 321 1351 spargere,
336 1292 371 1330 ac
380 1273 494 1351 tragice
506 1272 689 1352 perturbare
702 1272 818 1331 omnia.
829 1272 912 1330 Dicit
921 1273 984 1347 bis,
995 1275 1026 1332 in
1038 1273 1146 1332 medias

96 1358 144 1418 dat
157 1353 225 1418 ¹sese
248 1361 341 1431 aeica,
362 1355 596 1419 adnotandam
619 1360 780 1419 audaciam
802 1361 955 1441 virginis:
979 1369 1050 1420 s'unt
1070 1383 1143 1421 vero

97 1448 234 1508 Camerti
246 1448 348 1528 elogia
362 1450 438 1524 tria,
451 1447 607 1530 majorum
623 1452 728 1530 origo,
744 1463 874 1530 paterna
890 1451 1002 1525 virtus,
1019 1453 1146 1532 propria

96 1536 252 1598 fortitudo
267 1560 273 1594 :
290 1539 451 1619 pertinent
465 1537 532 1599 haec
547 1540 586 1599 ad
602 1538 835 1600 conciliandam
847 1540 989 1600 Juturnte
1002 1542 1060 1621 ipsi
1075 1561 1147 1598 auc·

97 1629 273 1687 toritatem.
936 1689 941 1700 ,

134 1738 204 1795 229.
220 1715 342 1797 Objicit
359 1720 464 1800 primo
480 1718 635 1799 pudorem
653 1719 795 1797 Rutulis,
809 1723 863 1801 qui
878 1723 1038 1802 patiantur
1053 1738 1143 1778 unam

96 1808 228 1864 animam
240 1804 381 1888 objectare
396 1831 449 1890 pro
461 1812 572 1869 cunctis
585 1808 689 1870 talibus
695 1835 706 1884 ,·
721 1807 927 1887 ubiunimum
943 1831 1033 1872 urtam
1050 1813 1145 1888 ἑξαιρέ·

95 1920 156 1971 τως,
178 1910 208 1955 et
227 1901 339 1958 cunetis
353 1920 406 1980 pro
425 1896 530 1959 talibus
547 1908 670 1968 ταπεινῶς
686 1921 787 1968 :nam
807 1901 860 1961 ille
879 1923 969 1975 unus,
988 1900 1041 1981 qui
1066 1919 1147 1979 prae-

15 1999 16 2036 1
96 1983 209 2059 clarus,
237 1985 367 2069 reliquis
397 1990 592 2070 opponitur,
621 1991 675 2070 qui
699 1989 789 2064 tales,
809 1990 841 2050 id
861 2003 920 2066 est,
940 1988 1089 2050 imbecilli
1116 2001 1147 2047 et

95 2071 249 2153 languidi.
269 2076 389 2156 Pergit,
413 2091 443 2136 et
461 2075 569 2156 alligat
590 2075 662 2136 illos
687 2089 870 2156 argumento
889 2078 1026 2152 efficaci,
1043 2096 1145 2136 nume-

97 2184 181 2239 mne,
194 2187 237 2224 an
250 2166 359 2226 uiribus
370 2170 462 2248 oequt's
469 2188 532 2230 non
544 2169 665 2228 sumus?
681 2169 796 2248 probat
806 2167 844 2228 de
858 2189 1005 2242 numero,
1017 2182 1096 2228 tacet
1108 2165 1147 2224 de

96 2250 232 2311 viribus:
245 2252 283 2311 de
295 2274 426 2314 numero
433 2277 441 2326 3
449 2274 524 2312 nam
535 2275 640 2313 coram
652 2252 757 2314 hostes
772 2275 879 2314 omnes
890 2254 1025 2329 habetis,
1036 2253 1146 2332 Troja-

97 2360 175 2415 nos,
199 2341 349 2417 Arcades,
368 2346 536 2404 Etruscos:
558 2363 624 2401 non
643 2354 716 2400 sunt
732 2354 836 2401 autem
855 2341 945 2402 multi
965 2342 1067 2400 hostes
1081 2339 1146 2412 illi,

13 2439 14 2468 l
97 2431 150 2509 qui
163 2428 262 2490 oculis
277 2433 348 2512 capi
362 2445 510 2512 possunt:
527 2430 599 2490 ideo
613 2431 668 2503 ait,
686 2431 823 2501 bicsunt,
842 2431 984 2506 δεικτικῶς,
1000 2429 1086 2510 quasi
1100 2426 1145 2485 di·

13 2593 14 2600 ,
96 2519 160 2596 gito
170 2518 440 2581 indicaretornnes
450 2544 456 2580 :
466 2511 577 2602 praeter
586 2516 749 2600 hos,quos
761 2516 886 2594 videtis,
896 2517 975 2576 nulli
988 2529 1061 2576 sunt
1073 2514 1144 2580 alii:

13 2609 14 2612 ’
95 2627 149 2668 vos
161 2622 266 2668 autem
278 2623 356 2690 quot
365 2612 451 2686 estis,
466 2623 548 2671 certe
561 2608 660 2691 duplo
671 2609 776 2691 plures
790 2607 867 2682 illis,
885 2605 1145 2679 namvixliostem,

96 2697 201 2757 alterni
213 2701 238 2757 si
255 2698 491 2780 congrediamur,
512 2697 674 2758 habemus:
694 2696 843 2780 probavit
855 2697 901 2758 ‚de
920 2718 1069 2770 numeru,
1089 2694 1141 2754 sed

97 2787 196 2845 tacuit
211 2785 250 2844 de
262 2785 393 2846 viribus
409 2785 492 2848 Cur?
506 2788 580 2867 quia
598 2785 658 2846 hoc
673 2807 775 2868 neque
787 2787 846 2866 ipsi
859 2799 1008 2866 negarent
1023 2807 1030 2842 ε
1046 2785 1145 2842 immo

96 2870 245 2952 probatio
265 2875 332 2953 ipsa
345 2874 465 2934 cederet
478 2876 511 2932 in
525 2873 747 2934 contumeliam
761 2897 767 2930 :
785 2893 859 2930 nam
874 2872 933 2932 hoc
948 2885 1024 2931 esset
1036 2889 1145 2931 vocare

97 2960 277 3018 indubium
288 2963 434 3020 virtutem
449 2960 639 3024 Rutulorum
653 2983 660 3020 z
674 2961 761 3040 quasi
773 2959 1004 3026 ¹dicatJuturna
1017 2980 1024 3015 :
1039 2957 1144 3039 plures

96 3049 165 3108 estis
178 3070 326 3121 numer03
337 3071 411 3109 narn
424 3053 450 3110 si
463 3049 577 3110 alterni
589 3047 856 3130 congrediamini,
869 3049 920 3106 vix
932 3045 1054 3106 habetis
1069 3044 1143 3104 hos·

97 3149 172 3210 tem;
186 3137 321 3216 majores
335 3140 465 3214 virtute,
478 3137 580 3220 quod,
593 3151 628 3196 ut
641 3138 839 3218 perspicuum
850 3135 957 3208 robis,
969 3134 1123 3214 relinquo.

136 3222 205 3300 234.
218 3223 352 3284 Adducit
365 3226 450 3286 aliud
463 3240 683 3306 argumentum
697 3243 881 3306 comparans
894 3224 1035 3281 Turnum
1046 3235 1144 3282 certa·

98 3327 198 3374 torem
211 3335 283 3374 cum
298 3314 480 3378 sedentibus
500 3317 734 3397 spectatoribus.
749 3317 887 3388 Turnus,
903 3313 1068 3394 inquit,in
1083 3313 1145 3372 sin·

131 3501 190 3554 232.
208 3500 357 3574 Fatalisque
370 3522 471 3556 manus.
482 3504 598 3556 Pessime
643 3502 777 3553 Etruscos.
793 3501 899 3558 Etenim
911 3501 999 3552 AEneae
1014 3502 1145 3553 exercitus

97 3576 201 3631 Servius
210 3581 342 3649 Trojanos
355 3583 465 3652 accipit,
479 3584 524 3654 qui
537 3583 598 3633 fatis
643 3600 674 3633 ex
691 3581 790 3651 triplici
804 3594 882 3653 gente
895 3581 1037 3632 constabat
1048 3580 1143 3652 Troja-

97 3658 257 3713 ducentibus
276 3677 406 3714 venerunt
425 3663 459 3715 ad
475 3663 597 3714 ltaliam:
643 3679 692 3727 na,
702 3659 848 3725 Arcadica,
858 3661 977 3712 Etrusca.
990 3661 1044 3712 Cur
1054 3674 1142 3712 autem

97 3755 247 3794 recurreret
263 3755 351 3807 vates,
365 3763 427 3794 nam
439 3747 492 3813 jam
504 3745 598 3814 Troja-
642 3740 761 3807 Etrusci,
775 3742 820 3811 qui
830 3753 960 3793 venerunt
972 3759 1033 3792 cum
1046 3741 1144 3807 AEnea,

97 3839 145 3872 nos
152 3823 321 3887 nominarat,
333 3823 406 3893 quod
415 3825 508 3875 vitium
517 3825 598 3876 maxi·
643 3820 767 3872 dicantur
776 3820 888 3892 fatales,
908 3838 957 3873 cur
966 3821 1067 3872 inimici
1076 3823 1142 3873 Tur·

98 3920 182 3967 mum,
193 3914 220 3952 et
230 3920 286 3952 non
296 3902 445 3955 ferendum.
461 3903 531 3975 Ergo
544 3921 598 3954 non
643 3919 692 3966 no,
706 3900 813 3952 abunde
822 3901 908 3971 liquet
916 3920 948 3953 ex
958 3915 1053 3954 octava
1063 3912 1088 3952 et
1099 3901 1146 3954 des

92 3980 205 4056 fatalem
226 4000 336 4036 martum
358 3982 482 4055 intelligit
505 3982 597 4054 Virgil.
643 3981 840 4036 cimaAEneide.
856 3982 943 4036 Cerdo.
