2704 4582
332 314 382 377 ru
406 313 641 380 nnarnos
664 316 757 380 nre.
781 317 821 382 x.
1036 299 1135 384 121¹·

108 437 167 517 739.
182 437 330 517 Sequitur
341 436 523 498 vaticinium
536 435 651 498 Orodis
664 435 731 518 jam
743 439 945 520 exspirantis,
962 441 1017 522 qui
1034 441 1098 502 duo

72 525 139 584 canit
153 525 329 585 Mezentio:
350 525 505 606 primum,
527 545 588 586 non
606 527 660 584 eris
676 528 768 590 victor
784 547 830 586 me
847 525 957 602 inulto,
981 531 1056 612 quia
1074 543 1099 590 te

71 633 165 694 quoqu
173 614 242 697 fata
260 627 448 695 prospectant
464 615 567 694 pario:
592 613 742 690 alterum,
765 637 818 678 nee
840 613 969 678 ltetebere
991 630 1101 699 tempus
1190 679 1193 684 ,

73 697 188 780 nuum,
203 703 281 784 qnia
291 722 362 762 mox
374 701 479 762 tenebis
487 701 587 762 eadem
596 723 677 762 ervo.
692 704 766 764 Htec
778 702 919 784 profecto
932 725 1020 765 mens
1030 707 1100 766 Vir·

73 787 138 868 gilii5
152 812 252 874 neque
269 793 356 856 enim
376 806 512 874 quatuor
524 793 666 854 continet
678 791 738 856 hoc
749 793 953 854 vaticinium:
968 793 1021 855 sed
1035 792 1100 855 duo

72 891 188 957 nutum,
204 883 325 964 quihus
337 904 395 944 sua
407 903 540 965 quaque
552 903 674 944 annexa
685 884 776 944 ratio.

67 993 72 1002 ·
101 971 157 1051 742.
173 973 309 1036 Subrieit
320 974 507 1048 Mezentine3
529 973 583 1054 qui
601 973 681 1034 risus
698 970 780 1032 nihil
799 971 838 1032 ad
855 975 1005 1054 gratiam,
1026 995 1101 1034 nam

73 1069 137 1120 totns
148 1061 337 1122 iracundus:
357 1064 463 1143 itaque
474 1063 593 1142 jacenti
609 1059 841 1122 hosti'rnortem
853 1061 1037 1138 denuntiat,
1055 1083 1101 1123 res

73 1168 128 1208 vero
139 1172 206 1212 snas
218 1155 294 1214 lovi
306 1153 427 1214 ironice
438 1152 629 1226 committit3
645 1173 681 1212 ac
694 1153 800 1212 statim
815 1153 962 1214 eductum
974 1152 1072 1212 telum
1086 1171 1102 1212 e
1195 1157 1199 1166 ⁴

74 1237 177 1302 vnlnere
197 1257 306 1303 secuta
327 1255 372 1303 est
391 1259 493 1302 mors:
518 1239 598 1301 hanc
617 1255 710 1323 poeta
728 1253 820 1301 vocat
838 1241 941 1302 duram
961 1243 1102 1323 quietem,

74 1332 324 1414 sonnumferreum
331 1376 341 1404 ,
354 1344 492 1391 oetemnm
505 1343 628 1394 noctem.

102 1412 158 1498 747.
179 1419 214 1478 ln
232 1417 296 1480 hac
313 1420 490 1501 promiscua
509 1416 683 1480 multorum
702 1417 801 1494 caede,
824 1417 917 1488 inulti
935 1416 1104 1497 Virgilium

73 1505 303 1590 reprehendunt,
317 1507 403 1590 quod
415 1529 480 1571 non
491 1508 638 1590 explicet,
648 1509 704 1588 qni
713 1505 883 1588 Trojanus,
893 1508 948 1590 qni
957 1506 1102 1568 Rutulus.

73 1590 116 1652 Sed
126 1614 166 1656 2·ae
176 1596 225 1656 isti
237 1597 474 1658 inscientissirni
487 1608 578 1654 sunt:
594 1608 674 1656 certe
687 1591 827 1668 Coedilus,
839 1597 989 1665 Sucrutor,
1004 1595 1103 1674 Rapo,

73 1684 214 1766 Messapus,
242 1685 386 1760 Valerus,
406 1687 585 1758 Autronius,
609 1681 733 1744 Nealces
751 1683 859 1746 Rutuli
878 1698 968 1759 sunt;
990 1683 1103 1764 reliqui

73 1769 195 1852 Trojani:
215 1777 305 1858 quod
322 1775 497 1858 liquidnm,
515 1774 615 1836 velex
628 1774 833 1856 aspiratione,
849 1773 897 1836 vel
914 1796 951 1836 cx
964 1774 1104 1854 origine,

74 1857 110 1916 rel
119 1881 149 1919 ex
159 1861 290 1924 historia
300 1909 308 1938 ,
320 1863 369 1922 vel
380 1882 416 1922 ex
425 1862 530 1922 littera
539 1863 630 1938 ὑψιλὸν
642 1883 649 1920 :
665 1881 702 1920 ex
712 1863 918 1943 aspiratione,
930 1883 1003 1924 nem
1015 1859 1103 1924 Alco·

75 1942 149 2022 Mein,
159 1951 321 2034 Hydaspes,
330 1948 456 2032 Trojani
467 1951 640 2010 necessario
649 1963 722 2011 sunt
733 1973 740 2008 ε
751 1971 787 2010 ex
797 1952 929 2034 origine,
939 1971 1013 2012 nam
1021 1950 1104 2014 Orses

75 2035 226 2118 ἁπὸτονὸρω,
238 2053 270 2098 et
278 2037 439 2122 fictolpeo:
451 2059 485 2098 er
494 2035 638 2112 historia,
646 2059 721 2097 nam
729 2039 910 2122 Messapum
919 2040 1030 2098 scimus
1038 2057 1104 2098 esse

75 2121 213 2202 Rutulum,
225 2141 257 2187 et
266 2125 388 2186 Salium
395 2122 568 2208 Trojanum
579 2147 595 2184 e
605 2123 659 2184 lib.
667 2124 835 2186 VAEneid.:
848 2147 883 2186 ex
892 2125 993 2186 littera
1000 2127 1102 2200 ὑψιλὸν,

76 2227 133 2269 nam
146 2215 280 2275 Ericates
297 2215 493 2295 Lycaonius,
516 2226 547 2274 et
564 2213 637 2294 Agis
649 2214 780 2294 Lycius:
802 2214 907 2296 itaque
920 2214 1031 2273 Latina
1046 2231 1102 2271 no-

75 2300 339 2366 ninaRutulorum
350 2317 437 2380 sunt,
448 2304 555 2364 Graeca
564 2301 792 2383 Trojanorum:
810 2323 844 2360 ac
853 2302 985 2385 proinde
997 2321 1105 2362 omnes
1123 2378 1125 2382 Ι
1189 2306 1195 2312 “

77 2388 167 2466 occisi,
185 2391 315 2474 Trojani
335 2405 425 2468 sunt,
449 2403 578 2474 excepto
601 2411 666 2450 uno
686 2389 858 2464 Antronio,
880 2391 934 2472 qui
953 2388 1103 2452 Rutulus:

76 2477 135 2554 qnia
149 2480 293 2543 videlieet·
306 2480 460 2541 Mezentii
470 2481 587 2540 virtute
600 2495 631 2538 et
643 2479 790 2560 auspiciis
803 2476 965 2540 inclinavit
974 2476 1107 2540 victoria

75 2562 100 2620 in
110 2565 248 2630 Rutulos:
266 2583 299 2630 et
310 2568 438 2652 quidem
450 2569 552 2630 Graeci
565 2566 656 2627 multi
668 2569 785 2628 AEnean
798 2567 1022 2650 sequebantur,
1036 2584 1106 2648 par·

77 2653 121 2713 tim
131 2678 163 2716 er
173 2661 296 2744 Lyciis,
311 2659 428 2742 partim
440 2677 478 2719 ex
490 2655 557 2734 his,
572 2678 651 2740 quos
663 2655 710 2716 illi
723 2655 867 2717 Evander
879 2655 1033 2737 adjunxit.

107 2743 164 2822 755.
185 2749 281 2808 Ponit
296 2759 464 2830 utramque
482 2747 582 2806 aciem
598 2767 707 2828 parem
724 2744 846 2808 viribus
860 2757 891 2806 et
902 2745 1011 2818 armis3
1033 2739 1106 2804 inde

76 2831 168 2911 rerba,
178 2837 328 2922 oeqrtabat,
342 2837 576 2922 mutuafunera:
590 2851 622 2896 et
631 2835 744 2897 deinde
755 2835 1029 2918 credebantpariter,
1043 2852 1106 2892 rue·

78 2918 256 3008 Mntpotter,
273 2941 339 2986 tam
351 2929 484 3002 victores,
500 2947 596 3008 qnam
608 2928 677 2986 victi
683 2950 694 3000 ,·
712 2938 742 2984 et
753 2925 827 3006 fuga
841 2925 872 2982 in
886 2935 994 2982 neutra
1007 2933 1106 3002 parte.

29 3043 30 3046 ¹
77 3007 157 3090 Caci,
174 3018 227 3098 qni
239 3016 350 3100 legunt
361 3015 518 3076 cedebant:
539 3036 613 3076 narn
626 3017 748 3090 statim,
769 3033 861 3095 neque
875 3009 1005 3092 trissino
1020 3021 1106 3080 noto,

78 3103 233 3182 ouueillis:
246 3128 336 3192 ergo,
350 3103 519 3190 legendum
530 3119 592 3182 est,
606 3103 771 3179 cedebant,
785 3101 817 3164 id
827 3115 889 3176 est,
904 3094 1107 3170 occidebant;

78 3199 102 3245 et
111 3195 158 3270 qui
169 3193 370 3271 occidebant,
384 3194 523 3254 vicissim
537 3195 632 3253 etiarn
645 3191 810 3256 cadebant.

108 3278 168 3357 758.
178 3279 363 3364 spectabant
373 3281 518 3342 ardorem
527 3279 612 3342 hunc
623 3303 639 3342 e
650 3302 773 3342 summo
784 3276 861 3340 caelo
871 3275 996 3358 Superi;
1009 3275 1107 3334 immo

79 3367 291 3432 miserabantur
307 3375 383 3433 irum
394 3375 515 3433 inanem
522 3419 532 3448 ‚
553 3385 583 3432 et
595 3384 752 3454 susceptos
766 3369 898 3430 labores.
917 3363 976 3428 Sed
992 3386 1047 3426 cur
1061 3365 1108 3424 ira

79 3558 559 3630 ninumetDeornmcontinetlaudes,
606 3579 687 3632 quam
707 3577 763 3610 rem
781 3557 826 3611 hic
846 3554 953 3608 exhibet
972 3551 1108 3623 Virgilius.

80 3637 172 3692 Pernen
189 3644 301 3693 vocavit.
321 3643 390 3694 Seru.
409 3671 443 3681 -
459 3641 560 3693 Letum
641 3639 702 3710 739.
713 3637 765 3690 [tte
773 3648 861 3690 autem
869 3633 1006 3707 exspirans.
1017 3632 1110 3684 Solent

81 3715 304 3786 roeanncamen,
317 3739 371 3791 qno
379 3721 476 3772 milites
484 3739 512 3774 se
521 3722 560 3772 in·
604 3731 691 3794 poetae
708 3720 788 3769 morti
805 3715 899 3770 ricinis
917 3713 1056 3767 seientiam
1068 3712 1109 3762 fu-

80 3797 562 3872 rieemacnnntsnceessnaliqnoallu-
605 3813 727 3852 tororum
746 3797 882 3848 tribuere:
905 3796 943 3846 ita
963 3803 989 3844 et
1010 3792 1110 3842 Hector

82 3891 145 3932 cente
159 3880 238 3934 felici.
258 3881 323 3934 lude
341 3883 417 3935 Plato
437 3885 513 3954 epist.
528 3901 561 3954 7,
606 3878 704 3932 Achilli
727 3889 841 3928 mortem
863 3873 1008 3946 praedicit:
1033 3870 1109 3938 cujus

81 3959 186 4023 turmali
200 3973 279 4014 vocet
295 3965 416 4015 Paeanem
427 3960 560 4028 bellicum,
606 3959 690 4012 verba
696 3959 883 4029 Scaligenonm
890 3954 931 4006 hie
939 3949 1038 4004 Orodis
1047 3965 1109 4001 eon·

82 4041 167 4109 utqui
187 4054 327 4096 erneretur
347 4044 374 4094 in
396 4043 455 4112 ipro
476 4040 562 4104 bello;
607 4043 672 4108 tert,
682 4042 715 4108 V,
725 4040 750 4093 3.
764 4038 871 4092 ratim.
