2654 4590
247 289 289 369 le
345 269 349 276 '
575 283 983 352 conuuurrnrx·

247 435 318 478 ecus
336 430 442 493 opere,
461 421 491 468 et
509 407 622 468 deinde
640 411 807 487 conspicua
823 410 1056 490 subnigric'ante
1074 415 1301 497 Hispanorum

246 521 401 587 purpura:
423 518 461 556 en
480 497 543 556 duo
563 495 670 570 altera;
690 495 891 578 pulchritudo
911 499 945 557 in
965 498 1043 559 facie
1064 502 1197 583 insignis
1218 506 1303 580 fuit3

247 592 363 654 eductus
375 607 462 658 vero,
476 585 506 644 id
520 598 578 659 est,
591 597 696 659 natue,
711 599 765 644 aut
780 587 915 645 nutritus
929 587 962 644 in
976 587 1046 646 loco
1060 590 1172 650 Martis
1188 592 1228 650 ad
1243 595 1304 674 Sy-

246 675 395 739 maethum
410 676 539 734 lluvium
551 672 676 749 Siciliae,
690 674 727 732 ad
741 693 826 732 aram
839 675 895 732 Dei
911 673 1022 734 Palici:
1039 697 1078 736 en
1093 679 1217 740 ultima.

288 768 353 828 586.
362 767 454 824 Hunc
462 762 613 820 Mezentio
622 761 869 820 interficiendum
880 763 1036 822 attribuit:
1050 766 1302 846 signatniodum

248 854 374 915 mortis:
391 871 464 930 ergo
478 849 646 908 Mezentius
659 871 744 908 arma
759 850 878 930 reliqua
892 851 1048 931 deposuit,
1062 868 1092 912 et
1107 875 1203 914 unam
1219 856 1302 914 fun-

247 944 318 1003 dam
335 943 377 1000 ita
391 937 492 1005 valide
507 939 634 1012 rotavit,
650 952 694 996 ter
705 939 924 998 circumactam
937 940 975 998 ad
989 941 1142 1020 vigorem,
1155 956 1191 1000 ut
1203 945 1301 1002 mise-

246 1055 317 1096 rum
327 1033 486 1092 Arcentem
497 1029 590 1088 unico
600 1029 703 1086 statim
715 1030 777 1086 ictu
787 1026 1013 1088 moribundum
1024 1030 1131 1089 solutis
1140 1031 1300 1092 membris

245 1123 433 1206 porrigeret:
456 1117 568 1176 incutit
589 1117 704 1196 quippe
726 1116 889 1196 plumbum
912 1117 995 1176 illius
1017 1121 1225 1200 temporibus,
1251 1123 1300 1179 ita

245 1211 368 1272 fortiter
381 1220 531 1280 rotatum,
547 1217 581 1264 ut
596 1207 627 1263 in
640 1204 744 1264 medio
759 1227 850 1266 cursu
866 1205 1007 1266 ardorem
1020 1211 1211 1289 conceperit,
1225 1230 1299 1290 per-

244 1297 425 1376 veneritque
441 1292 480 1352 ad
495 1294 635 1352 Arcentis
651 1307 794 1374 tempora
808 1292 874 1373 jam
891 1293 1101 1374 liquefactum.
1119 1296 1223 1356 Multa
1241 1295 1298 1356 bic

246 1387 377 1472 expendi
389 1398 536 1467 possunt3
549 1405 606 1464 ego
617 1381 668 1443 hic
677 1387 736 1444 tria
749 1398 869 1444 tantum
882 1409 889 1444 t
903 1387 1022 1468 primo,
1035 1399 1123 1446 notat
1135 1391 1297 1468 magnitu-

245 1481 349 1540 dinem
365 1475 504 1556 corporis
518 1475 669 1549 Arcentis,
684 1496 757 1533 narn
768 1473 865 1555 jacuit
880 1475 933 1534 ille
948 1473 1039 1536 inulto
1052 1499 1160 1536 arena:
1175 1477 1296 1536 deinde

247 1589 344 1653 quum
359 1567 402 1626 ait
419 1563 604 1646 temporibus,
624 1569 749 1646 proprie
765 1565 918 1644 loquitur3
934 1588 1007 1626 uam
1022 1567 1061 1626 ab
1075 1589 1139 1626 uno
1156 1569 1191 1626 in
1204 1567 1296 1626 aliud

244 1673 365 1739 tempus
384 1651 554 1712 transfosso
576 1666 642 1711 toto
662 1651 788 1712 cerebro
808 1652 973 1733 plumbum
992 1655 1184 1734 pertransiit,
1205 1653 1296 1734 quod

244 1769 310 1808 non
324 1740 504 1804 incredibile
519 1739 558 1799 ab
571 1741 681 1800 ardore
694 1755 861 1822 concepto:
882 1745 989 1817 tertio,
1009 1743 1078 1802 vide
1092 1743 1293 1824 diligentiam

244 1847 343 1918 poetae
355 1856 361 1891 :
373 1830 493 1904 pescle,
508 1851 547 1888 an
558 1829 650 1889 fallar
662 1855 668 1889 :
683 1830 794 1911 reliqui
805 1829 910 1890 Rutuli
920 1832 1072 1911 Trojanos
1082 1831 1292 1905 interficiunt,

245 1938 275 1984 et
283 1920 409 2002 Trojani
420 1920 552 1978 vicissim
563 1919 693 1979 Rutulos
703 1943 709 1978 :
721 1942 801 1980 unus
811 1923 995 1996 Mezentius,
1007 1923 1059 2000 qui
1070 1942 1135 1980 non
1146 1921 1294 1995 RutuluS,

246 2015 298 2076 sed
312 2013 471 2091 Etruscus,
493 2009 638 2069 interficit
651 2013 828 2084 Arcentem,
849 2031 915 2069 non
929 2009 1116 2090 Trojanum,
1139 2009 1191 2069 sed
1205 2012 1293 2070 Sicu-

243 2108 327 2178 lum,
337 2102 444 2180 utique
454 2099 620 2158 auxiliator
631 2100 855 2160 auxiliatorem.
866 2101 894 2158 Si
907 2102 974 2180 quis
985 2099 1061 2158 milri
1073 2098 1292 2180 reprehendat,

245 2191 329 2275 quod
343 2192 387 2248 ita
398 2198 552 2260 accurate,
567 2187 669 2248 videat
681 2186 816 2246 aliorum
832 2189 1037 2268 interpretum
1050 2189 1201 2268 inopiam.

284 2281 351 2358 590.
364 2276 541 2336 Memineris
553 2276 711 2356 superiore
723 2288 824 2334 tractu
834 2275 1032 2335 interfectum
1041 2278 1202 2336 Arcentem
1212 2279 1291 2336 Tro-

242 2369 389 2452 janorum
410 2364 565 2446 partium:
585 2384 669 2443 nunc
684 2361 748 2442 jam
771 2363 906 2422 vicissim
926 2365 1086 2422 Numanus
1103 2364 1291 2422 interficitur

244 2463 282 2522 ab
294 2457 438 2530 Ascanio,
450 2467 484 2511 ut
494 2455 536 2511 ita
547 2452 674 2512 fortuna
685 2453 795 2512 referat
804 2473 862 2534 par
871 2455 939 2533 pari
952 2477 958 2512 :
973 2455 1045 2534 quia
1056 2474 1128 2512 vero
1140 2456 1287 2513 Ascanius

243 2653 388 2721 Hispanam
401 2643 547 2710 debuisset,
562 2635 681 2715 inprimis
693 2645 744 2697 sibi
787 2648 928 2718 peregrina
944 2646 1078 2716 ferrugine
1095 2643 1183 2694 clarus
1202 2655 1228 2695 et
1244 2660 1287 2693 os·

243 2734 301 2801 ipse
311 2725 474 2778 contrarius:
488 2742 550 2776 nam
562 2725 658 2794 Georg.
672 2725 696 2788 l,
709 2723 743 2776 ad
787 2740 862 2778 tro.»
885 2729 910 2779 si
932 2727 1093 2796 ferruginem
1110 2721 1287 2792 (brunissure)

244 2807 308 2861 illud
328 2805 361 2858 de
379 2803 453 2863 Sole;
475 2819 579 2872 «quum
597 2814 677 2872 eaput
695 2803 742 2854 ob·
788 2805 852 2856 alibi
861 2805 926 2856 dixit
938 2805 1083 2866 obscurum,
1097 2802 1177 2854 ethic
1188 2802 1287 2866 clarus,

244 2907 323 2944 scura
340 2883 454 2936 nitidum
472 2883 607 2954 ferrugine
626 2884 702 2934 tinxit
713 2907 741 2949 n,
786 2904 841 2936 non
854 2900 893 2938 est
908 2884 1024 2936 difficilis
1037 2882 1210 2936 conciliatio:
1226 2901 1287 2934 nam

244 2975 283 3024 ita
296 2971 347 3022 ait:
364 2970 502 3037 “Ferrugo
516 2977 555 3015 est
568 2983 689 3034 purpura
701 2967 742 3016 ni·
786 2985 907 3036 purpura
925 2984 985 3016 cum
1002 2963 1144 3034 splendore
1159 2964 1286 3035 nigricat,

243 3057 328 3128 grior,
341 3064 381 3115 et,
393 3049 526 3118 Hispana:
543 3044 608 3096 alibi
618 3058 644 3096 et
653 3046 741 3096 lerru·
786 3064 846 3095 cum
857 3047 962 3117 nigrore
975 3043 1105 3116 splendet.
1121 3044 1210 3096 (buda.

242 3127 740 3209 gineclaruslbera.»Quumferrupo
824 3124 883 3192 590.
910 3125 975 3184 Tum
995 3123 1110 3195 primum
1132 3122 1208 3174 bello.
1231 3123 1286 3172 Hoc

243 3215 347 3266 dicatur
366 3229 382 3260 a
392 3209 477 3278 ferro,
496 3207 555 3277 quis
574 3207 659 3256 nescit
677 3207 741 3256 ferri
786 3205 846 3257 loco
859 3226 971 3276 puerum
987 3205 1048 3256 ideo
1061 3218 1157 3275 postea
1168 3205 1233 3256 fecit
1244 3222 1285 3255 ar-

242 3295 316 3348 venis
328 3289 483 3357 Hispaniam
495 3287 638 3338 claruisse?
656 3287 740 3354 Hujus
786 3288 866 3349 mari,
880 3289 943 3356 quia
954 3286 1017 3356 legit
1027 3287 1054 3336 in
1064 3284 1176 3336 historia
1189 3300 1284 3353 pueros

242 3370 344 3426 metalli
365 3368 476 3437 primam
491 3371 493 3375 ’
507 3366 619 3437 glorium
641 3364 739 3416 Plinius
786 3364 1283 3436 debellisgloriamreportasse.Filium

244 3456 290 3506 dat
306 3447 393 3502 Bilbili
412 3447 480 3516 (fuit
495 3445 551 3498 haec
567 3448 655 3516 patria
670 3447 740 3496 Mar·
785 3444 869 3496 Marci
890 3446 968 3496 Drusi
987 3463 1118 3496 annorum
1137 3443 1282 3496 sexdecim:

242 3527 472 3599 tiatis),xxxtv‚
489 3525 527 3590 14.
540 3527 579 3576 De
590 3528 661 3577 ferro
670 3525 740 3576 lberi
785 3523 900 3594 Crispini
916 3523 1000 3576 tilium
1014 3523 1165 3592 Crispinum
1178 3524 1204 3572 in
1221 3521 1283 3572 Cor-

242 3609 344 3665 Pontici
352 3604 439 3668 nulla,
448 3601 520 3673 quod
528 3605 622 3672 sciam,
631 3607 738 3656 mentio.
785 3607 854 3669 sica,
867 3623 948 3673 quum
963 3605 1068 3673 fugeret
1080 3605 1209 3656 exercitus
1220 3602 1282 3671 Spu·

241 3693 281 3743 Ac
299 3684 412 3760 proinde
434 3683 619 3752 «ferrugineus
642 3683 737 3734 color»
785 3684 818 3733 rii
826 3682 935 3734 Carvilii
945 3683 1082 3748 Consulis,
1095 3681 1195 3748 bellum
1207 3683 1281 3732 resti-

241 3764 397 3824 referendus
414 3774 453 3813 est
470 3760 505 3812 ad
521 3780 578 3812 eam
593 3762 664 3813 orbis
676 3781 737 3834 per·
782 3764 872 3813 tuisse.
885 3762 965 3833 Apud
974 3761 1083 3826 Soram,
1094 3761 1167 3812 bello
1177 3761 1282 3832 Italico,

241 3862 308 3910 tem,
325 3847 353 3894 in
368 3860 421 3912 qua
438 3840 537 3892 metalli
550 3839 628 3910 hujus
642 3837 745 3914 gloria.¹
783 3840 1281 3912 abHerenniopueruminaciemeduc·

241 3955 276 3986 ‚-
292 3925 386 3976 curus.
406 3922 457 3972 Dat
474 3920 642 3990 splendorem
656 3921 737 3973 lberae
784 3934 852 3985 tum,
871 3941 887 3974 a
904 3941 956 3992 quo
970 3921 1074 3974 hostem
1089 3923 1206 3972 occisum
1220 3940 1279 3991 spo-

241 4004 383 4076 ¹ferrugini,
400 4014 429 4053 ut
443 4005 522 4054 etiam
532 4002 578 4054 lib.
592 4005 641 4055 Xl:
659 4026 669 4048 ιι
679 4005 738 4072 lpse
783 4000 943 4072 liutumque3
956 4003 1031 4056 Lucii
1040 4003 1180 4073 Tarquinii
1186 4000 1279 4066 fitium,
