2704 4582
316 316 368 380 IN
391 317 625 388 AENEIDOS
649 319 742 382 LIB.
766 320 829 382 XI.
1032 321 1089 409 137

75 433 133 511 lus,
152 457 211 496 non
230 459 306 497 cum
326 439 446 519 reliquo
465 439 617 499 exercitu:
636 460 732 520 ergo,
754 461 773 500 o
793 441 863 512 viri,
880 441 909 512 ¹si
931 440 1093 502 interfecto

75 528 202 586 Mezentio
213 531 347 588 maxima
356 549 398 587 res
407 530 508 612 effecte
517 543 572 602 est,
588 529 666 609 quoti
673 544 813 610 superest,
830 529 861 587 id
874 545 936 604 est,
951 535 980 590 τὸ
990 537 1093 608 λεῖπον,
1124 527 1127 532 ’
1185 556 1186 560 ’

73 615 204 696 reliquum
216 633 279 694 est,
295 635 332 679 ut
344 619 418 680 absit
428 622 522 678 omnis
536 622 639 678 timor:
652 619 703 678 sed
716 618 811 680 abesto
824 623 1001 702 augustius,
1016 635 1046 680 et
1059 641 1095 682 ex

73 702 199 783 dignitate
215 709 323 786 magni
334 708 512 788 principis:
533 727 640 764 verum
660 727 755 785 quere
772 708 875 777 abesse
891 701 982 768 debet
993 709 1095 768 omnis

73 791 164 850 timorl
180 797 268 874 quia,
284 792 348 853 hcec
358 791 546 874 suntspolia,
564 791 638 853 etde
649 813 714 873 reqe
724 795 843 875 superbo
854 799 1011 868 Primitiae,
1034 816 1096 854 ma·

73 877 186 960 nilusque
206 885 278 941 meis
298 885 461 943 Mezentius
478 881 526 942 hic
541 895 600 941 est:
623 885 712 962 quasi
729 882 828 958 dicat3
850 887 953 946 videte
970 885 1096 967 qualem

73 969 141 1026 vobis
151 972 341 1032 Mezentium
352 971 489 1032 reddidi:
503 993 574 1032 nam
587 970 635 1031 hie
644 973 869 1034 contumeliose
880 976 997 1056 accipio
1006 1021 1015 1050 ,
1025 995 1096 1034 cum

73 1060 247 1136 oppositione
270 1061 312 1120 ad
332 1063 533 1142 superbiam:
555 1061 707 1141 superbus
727 1060 779 1120 ille
795 1082 847 1120 rex
863 1064 1034 1122 Mezentius
1050 1059 1098 1122 hic

73 1155 115 1214 rst‚·
125 1144 182 1224 jam
203 1148 330 1224 nullus,
348 1151 435 1217 οὐδεὶς.
461 1151 580 1231 Apage,
603 1164 637 1208 ut
651 1171 707 1230 per
718 1171 812 1230 reqem
830 1151 981 1232 superbum
994 1150 1097 1229 capias

73 1229 185 1294 Turnum
197 1259 203 1294 :
217 1234 394 1318 etprimitiae
404 1236 483 1296 dixit
492 1240 625 1318 signate,
639 1239 712 1318 quia
723 1252 823 1297 sacrat
833 1252 985 1319 tropaeum
995 1239 1097 1297 Marti.

104 1341 139 1400 17.
153 1325 290 1385 Vicimus
299 1325 367 1407 jam
380 1327 543 1406 campestri
557 1324 639 1385 bello
650 1350 657 1401 3
670 1324 736 1406 jam
748 1347 832 1386 nunc
847 1326 964 1386 ibimus
980 1325 1097 1386 alacres

75 1404 101 1462 ad
112 1409 290 1474 obsidendos
303 1435 411 1474 muros
423 1415 524 1474 Latini
534 1416 631 1494 regis:
650 1413 703 1473 sed
720 1416 778 1474 tria
793 1416 978 1488 necessaria3
996 1435 1098 1488 arma,

73 1501 254 1581 autmi‚spes.

103 1604 138 1662 19.
153 1589 244 1648 Volui
254 1611 312 1650 vos
324 1592 462 1650 monitos
471 1589 509 1650 de
520 1590 714 1671 expeditione
725 1592 763 1652 ad
775 1613 898 1666 muroS,
915 1613 953 1652 ne
963 1596 994 1652 in
1007 1611 1096 1650 mora

72 1669 131 1745 sitis,
153 1695 268 1755 quum,
294 1680 428 1759 captatis
447 1680 603 1758 auguriis,
628 1680 672 1737 ire
692 1679 731 1736 ad
754 1679 872 1739 hellum
892 1682 1096 1762 coeperimus,

72 1757 161 1822 educto
173 1787 188 1825 e
200 1771 311 1828 castris
325 1769 441 1829 milite:
464 1790 533 1850 quae
553 1790 625 1828 sane
643 1790 730 1828 mora
750 1771 913 1850 segnitiem
931 1784 960 1830 et
980 1783 1098 1828 metum

73 1866 165 1928 arguet.
468 1875 470 1880 ·

101 1958 139 1998 22·
158 1945 237 2004 Dum
255 1966 334 2006 vero
353 1966 370 2003 a
389 1943 474 2004 bello
493 1965 655 2019 vacamus,
676 1958 707 2004 et
722 1959 844 2027 tempus
864 1945 900 2006 fit
916 1945 1097 2008 obsidendae

74 2023 156 2105 urbis,
179 2034 353 2095 mandemus
372 2047 446 2094 terra
463 2036 571 2106 socios,
596 2031 805 2117 inhumataque
823 2057 960 2117 corpora,
983 2035 1014 2094 id
1037 2047 1098 2106 est,

74 2111 209 2182 inhumata
219 2147 353 2207 corpora
364 2129 534 2200 sociorum3
548 2139 593 2186 est
602 2128 686 2186 enim
696 2130 722 2186 ἒν
732 2129 774 2188 διὰ
783 2129 868 2188 oseis:
880 2149 953 2188 nam
962 2127 1012 2186 hic
1023 2122 1099 2185 solus

75 2195 246 2274 ionosestsub
256 2214 437 2290 Acheronte,
452 2217 526 2298 quia
536 2216 679 2276 videlicet
691 2216 760 2274 talis
770 2215 872 2276 honos
884 2217 1008 2288 animae,
1023 2233 1084 2294 qua
1098 2253 1100 2258 -

73 2287 102 2350 lis
109 2298 237 2362 cadaveri
250 2327 258 2362 ι
274 2306 391 2386 quippe
400 2304 595 2386 sepultorum
605 2307 736 2378 animae,
749 2301 946 2382 trajiciebant
955 2302 1097 2360 fluvium.

102 2385 142 2460 ²4.
160 2392 268 2454 Oratio
283 2396 376 2476 plena
394 2397 469 2454 artis
483 2395 646 2468 militaris3
667 2413 734 2452 non
752 2394 836 2452 enim
853 2404 915 2451 tam
934 2392 1098 2448 miseretur

74 2488 207 2555 mortuos,
221 2503 320 2564 quam
334 2482 474 2542 accendit
486 2485 573 2542 vivos
588 2480 626 2540 ad
640 2481 798 2538 virtutem.
813 2479 951 2559 Egregiae
964 2489 1037 2537 sunt
1050 2473 1098 2534 hae

74 2561 179 2641 auimae,
199 2571 275 2649 quia
288 2584 457 2651 pepererunt
466 2570 549 2630 nobis
560 2573 713 2649 ipparrroej
730 2569 856 2649 patriam
867 2565 944 2637 leone
953 2565 1097 2652 irrueretur,

74 2662 122 2705 non
132 2672 218 2731 auro,
233 2671 290 2716 aut
303 2659 413 2738 quovis
426 2658 506 2732 alio,
521 2656 574 2717 sed
586 2677 638 2716 suo
649 2657 810 2737 sanquine:
824 2668 917 2729 nota,
933 2653 1004 2734 quia
1016 2669 1099 2731 pepe-

73 2751 163 2814 terren,
181 2745 253 2806 ideo
270 2749 431 2829 sanquine:
449 2748 488 2806 ab
502 2761 549 2808 tot
560 2747 679 2807 meritis
691 2744 875 2807 decorandas
887 2756 962 2807 sunt
973 2741 1099 2801 ntuneri-

101 2898 133 2949 ¹6-
150 2906 270 2978 Manilius
285 2910 356 2960 meis.
376 2908 477 2974 tuest,
496 2910 550 2960 vir·
595 2908 699 2960 animos
710 2929 739 2957 n:
758 2919 804 2958 aut
823 2917 894 2956 certe
910 2915 950 2954 est
968 2901 1098 2956 mutanda

74 2985 128 3032 tute:
141 2984 236 3042 locutio
252 2989 321 3041 Latii
336 2989 438 3041 crebra.
447 3019 483 3028 -
492 2991 551 3040 Me-
595 2987 746 3051 distinctio,
765 2997 797 3036 ut
810 2985 858 3049 sit,
880 2983 997 3036 «animis
1010 2993 1036 3032 et
1050 2998 1097 3052 spe

72 3062 149 3115 scirtius
164 3066 203 3120 ln'c
219 3081 264 3121 est.
282 3072 339 3120 Pro*
349 3069 409 3120 talis
426 3083 466 3120 est
480 3089 487 3120 z
506 3081 549 3133 ut,
594 3068 745 3139 presumite
760 3064 870 3118 bellum.
881 3087 892 3110 n
903 3091 935 3102 -
946 3063 1098 3115 presumite

75 3137 154 3196 ‘Hunc
163 3165 209 3220 ego
222 3162 262 3216 te,
273 3150 399 3222 Euryale,
409 3150 547 3220 aspicioin
595 3146 700 3210 bellum.
711 3147 801 3198 Mente
809 3152 994 3214 praeoccupate
1002 3161 1010 3202 ;
1018 3154 1047 3190 ut
1055 3157 1097 3192 su÷

73 3211 96 3264 ld
109 3234 153 3288 est,
170 3228 262 3291 talem
281 3242 307 3282 et
321 3243 411 3280 utrum
425 3247 475 3300 per
487 3246 551 3278 con·
596 3246 645 3298 pra
657 3228 778 3292 Turnus,
798 3223 852 3274 «Et
862 3241 982 3294 pugnam
993 3234 1097 3292 sperate

74 3301 189 3369 temptum,
195 3327 229 3359 an
236 3327 285 3379 per
291 3307 551 3360 commendationem
595 3309 693 3379 parati.
703 3331 713 3356 s
724 3309 794 3358 Bene
803 3317 890 3357 autern
900 3304 937 3356 ait
942 3304 1097 3375 proentmite,

73 3367 113 3426 hoc
121 3387 357 3448 pronuntiandum?
367 3389 437 3440 Serv.
446 3417 480 3427 -
490 3385 551 3438 Mo·
597 3389 674 3458 quasi
684 3407 740 3440 rem
749 3389 805 3455 jam
817 3385 859 3436 sui
868 3385 950 3454 juris,
965 3397 994 3435 ut
1009 3385 1034 3436 ei
1048 3383 1097 3435 de·

73 3455 100 3504 ris
112 3458 156 3512 fuit
170 3466 196 3516 in
213 3467 339 3537 troph-ais
357 3467 429 3539 affigi
441 3467 552 3518 nomina
596 3468 654 3520 beri
666 3466 789 3518 videatur
804 3477 878 3516 certa
891 3465 1014 3522 uictoria.
1027 3464 1096 3517 Sero.

74 3531 172 3610 illorum,
184 3546 216 3599 de
229 3548 327 3618 quibus
340 3547 490 3620 trophaeum
501 3547 552 3598 eri·
590 3545 593 3552 '
635 3563 675 3614 19·
696 3544 797 3598 Vellere
815 3545 897 3617 siqua.
921 3545 1001 3618 Signa
1020 3546 1099 3600 evelli

73 3617 376 3697 gebatuuquodinfram.
387 3627 430 3695 84,
440 3625 551 3678 firmabo
596 3645 651 3678 non
665 3637 804 3696 poterant,
822 3626 874 3676 nisi
890 3637 998 3696 captato
1016 3643 1099 3698 augu-

73 3694 170 3769 edituo,
179 3708 355 3779 «inimicaque
361 3706 550 3778 nominaligis:
597 3708 653 3770 rio,
666 3719 692 3758 et
702 3705 757 3756 Diis
769 3705 930 3757 faventibus.
941 3697 1034 3776 ltaque
1047 3708 1098 3770 ait;

73 3773 146 3832 titulus
161 3786 249 3858 itaque
268 3788 348 3858 hujus
367 3788 478 3860 trophei
495 3789 552 3840 for·
598 3786 633 3838 ad
650 3796 797 3838 annuentes
811 3786 926 3856 Superos
939 3786 1015 3856 signa
1029 3785 1100 3840 erel-

74 3865 128 3912 ¹³⁸⁸e
138 3863 195 3933 fuit,
211 3869 378 3932 «Mezentius
388 3869 432 3922 hie
443 3881 514 3920 est.»
597 3867 695 3930 lemus,
708 3883 763 3917 nun
777 3864 863 3918 aliter.
878 3865 948 3923 Nota
960 3883 1037 3926 vero;
1051 3883 1098 3916 an·

103 3942 136 3992 18.
144 3946 220 4000 Anna
226 3959 320 4021 parate
329 3951 428 4002 animis.
440 3950 494 4002 Aut
502 3951 553 4021 Hya
597 3945 735 4000 nueutium
746 3957 816 4011 erat,
826 3946 848 3996 si
856 3946 933 4016 signa
940 3943 1019 3998 facile
1030 3943 1098 3996 evel-

73 4017 160 4094 lfflssge
179 4042 232 4098 est,
254 4047 307 4104 pro
334 4032 434 4082 narnis
458 4042 551 4100 parate
596 4029 696 4082 lentem
706 4037 888 4096 sequerentur.
