<?xml version="1.0" encoding="UTF-8"?>
<!DOCTYPE html PUBLIC "-//W3C//DTD XHTML 1.0 Transitional//EN"
    "http://www.w3.org/TR/xhtml1/DTD/xhtml1-transitional.dtd">
<html xmlns="http://www.w3.org/1999/xhtml" xml:lang="en" lang="en">
 <head>
  <title>
</title>
<meta http-equiv="Content-Type" content="text/html;charset=utf-8" />
  <meta name='ocr-system' content='tesseract 3.04.00' />
  <meta name='ocr-capabilities' content='ocr_page ocr_carea ocr_par ocr_line ocrx_word'/>
</head>
<body>
  <div class='ocr_page' id='page_1' title='image "./pvirgiliusmaroq06barbgoog_0199.png"; bbox 0 0 2720 4588; ppageno 0'>
   <div class='ocr_carea' id='block_1_1' title="bbox 334 311 1115 393">
    <p class='ocr_par' dir='ltr' id='par_1_1' title="bbox 334 311 1115 393">
     <span class='ocr_line' id='line_1_1' title="bbox 334 311 1115 393; baseline 0.006 -6"><span class='ocrx_word' id='word_1_1' title='bbox 334 323 387 387; x_wconf 82' lang='grc' dir='ltr'><strong>ΙΝ</strong></span> <span class='ocrx_word' id='word_1_2' title='bbox 412 311 646 388; x_wconf 83' lang='lat' dir='ltr'>AENEIDOS</span> <span class='ocrx_word' id='word_1_3' title='bbox 669 323 762 388; x_wconf 74' lang='grc' dir='ltr'><strong>ΜΒ.</strong></span> <span class='ocrx_word' id='word_1_4' title='bbox 786 326 848 390; x_wconf 89' lang='grc' dir='ltr'><strong>ΧΙ.</strong></span> <span class='ocrx_word' id='word_1_5' title='bbox 1054 323 1115 393; x_wconf 75' lang='lat'><strong>185</strong></span> 
     </span>
    </p>
   </div>
   <div class='ocr_carea' id='block_1_2' title="bbox 10 445 1213 1689">
    <p class='ocr_par' dir='ltr' id='par_1_2' title="bbox 10 445 1213 1689">
     <span class='ocr_line' id='line_1_2' title="bbox 69 445 1113 532; baseline 0 -22"><span class='ocrx_word' id='word_1_6' title='bbox 69 445 201 530; x_wconf 72' lang='lat' dir='ltr'><strong>gloriani</strong></span> <span class='ocrx_word' id='word_1_7' title='bbox 215 445 370 507; x_wconf 76' lang='lat' dir='ltr'><strong>interfecti</strong></span> <span class='ocrx_word' id='word_1_8' title='bbox 386 445 554 524; x_wconf 84' lang='lat' dir='ltr'><strong>Orsiluchi,</strong></span> <span class='ocrx_word' id='word_1_9' title='bbox 574 469 667 530; x_wconf 87' lang='lat' dir='ltr'><strong>quem</strong></span> <span class='ocrx_word' id='word_1_10' title='bbox 683 449 800 509; x_wconf 81' lang='lat' dir='ltr'><strong>vicerat</strong></span> <span class='ocrx_word' id='word_1_11' title='bbox 812 449 887 510; x_wconf 87' lang='lat' dir='ltr'><strong>dolo</strong></span> <span class='ocrx_word' id='word_1_12' title='bbox 905 451 976 530; x_wconf 87' lang='lat' dir='ltr'><strong>equi</strong></span> <span class='ocrx_word' id='word_1_13' title='bbox 991 449 1113 532; x_wconf 78' lang='lat' dir='ltr'><strong>fugien-</strong></span> 
     </span>
     <span class='ocr_line' id='line_1_3' title="bbox 70 537 1116 622; baseline 0 -23"><span class='ocrx_word' id='word_1_14' title='bbox 70 542 123 600; x_wconf 79' lang='lat' dir='ltr'><strong>tiss</strong></span> <span class='ocrx_word' id='word_1_15' title='bbox 136 541 245 622; x_wconf 88' lang='lat' dir='ltr'><strong>itaque</strong></span> <span class='ocrx_word' id='word_1_16' title='bbox 255 557 372 619; x_wconf 88' lang='lat' dir='ltr'><strong>equum</strong></span> <span class='ocrx_word' id='word_1_17' title='bbox 384 537 521 614; x_wconf 81' lang='lat' dir='ltr'>demisit,</span> <span class='ocrx_word' id='word_1_18' title='bbox 533 550 563 597; x_wconf 92' lang='lat' dir='ltr'><strong>et</strong></span> <span class='ocrx_word' id='word_1_19' title='bbox 572 539 665 621; x_wconf 90' lang='lat' dir='ltr'><strong>pedes</strong></span> <span class='ocrx_word' id='word_1_20' title='bbox 675 559 745 599; x_wconf 90' lang='lat' dir='ltr'><strong>cum</strong></span> <span class='ocrx_word' id='word_1_21' title='bbox 757 561 827 600; x_wconf 89' lang='lat' dir='ltr'><strong>ense</strong></span> <span class='ocrx_word' id='word_1_22' title='bbox 836 552 957 600; x_wconf 89' lang='lat' dir='ltr'><strong>tantum</strong></span> <span class='ocrx_word' id='word_1_23' title='bbox 969 552 1116 622; x_wconf 80' lang='lat' dir='ltr'><strong>etparma</strong></span> 
     </span>
     <span class='ocr_line' id='line_1_4' title="bbox 13 625 1119 746; baseline 0.001 -58"><span class='ocrx_word' id='word_1_24' title='bbox 13 655 16 746; x_wconf 71' lang='lat' dir='ltr'><strong>q</strong></span> <span class='ocrx_word' id='word_1_25' title='bbox 69 627 230 688; x_wconf 85' lang='lat' dir='ltr'><strong>fortunam</strong></span> <span class='ocrx_word' id='word_1_26' title='bbox 243 625 319 688; x_wconf 91' lang='lat' dir='ltr'><strong>belli</strong></span> <span class='ocrx_word' id='word_1_27' title='bbox 334 627 500 710; x_wconf 83' lang='lat' dir='ltr'><strong>periclitari</strong></span> <span class='ocrx_word' id='word_1_28' title='bbox 512 649 585 688; x_wconf 89' lang='lat' dir='ltr'><strong>cum</strong></span> <span class='ocrx_word' id='word_1_29' title='bbox 599 630 690 688; x_wconf 79' lang='lat' dir='ltr'><strong>Auno</strong></span> <span class='ocrx_word' id='word_1_30' title='bbox 707 629 823 689; x_wconf 89' lang='lat' dir='ltr'><strong>voluit:</strong></span> <span class='ocrx_word' id='word_1_31' title='bbox 837 643 927 690; x_wconf 91' lang='lat' dir='ltr'><strong>vocat</strong></span> <span class='ocrx_word' id='word_1_32' title='bbox 938 651 1042 712; x_wconf 84' lang='lat' dir='ltr'><strong>puram</strong></span> <span class='ocrx_word' id='word_1_33' title='bbox 1054 650 1119 710; x_wconf 86' lang='lat' dir='ltr'><strong>pur·</strong></span> 
     </span>
     <span class='ocr_line' id='line_1_5' title="bbox 13 713 1117 800; baseline -0.003 -20"><span class='ocrx_word' id='word_1_34' title='bbox 13 749 14 780; x_wconf 73' lang='lat' dir='ltr'><strong>t</strong></span> <span class='ocrx_word' id='word_1_35' title='bbox 71 735 162 790; x_wconf 87' lang='lat' dir='ltr'><strong>mam,</strong></span> <span class='ocrx_word' id='word_1_36' title='bbox 177 736 248 797; x_wconf 84' lang='lat' dir='ltr'><strong>quae</strong></span> <span class='ocrx_word' id='word_1_37' title='bbox 260 715 350 776; x_wconf 91' lang='lat' dir='ltr'><strong>nullo</strong></span> <span class='ocrx_word' id='word_1_38' title='bbox 363 717 511 798; x_wconf 77' lang='lat' dir='ltr'><strong>insignita</strong></span> <span class='ocrx_word' id='word_1_39' title='bbox 522 716 660 776; x_wconf 84' lang='lat' dir='ltr'><strong>facinore</strong></span> <span class='ocrx_word' id='word_1_40' title='bbox 673 738 681 774; x_wconf 80' lang='grc' dir='ltr'><em>τ</em></span> <span class='ocrx_word' id='word_1_41' title='bbox 693 719 735 776; x_wconf 91' lang='lat' dir='ltr'><strong>ait</strong></span> <span class='ocrx_word' id='word_1_42' title='bbox 745 721 834 777; x_wconf 84' lang='lat' dir='ltr'><strong>armis</strong></span> <span class='ocrx_word' id='word_1_43' title='bbox 843 713 975 798; x_wconf 81' lang='lat' dir='ltr'><strong>paribus,</strong></span> <span class='ocrx_word' id='word_1_44' title='bbox 989 719 1062 800; x_wconf 90' lang='lat' dir='ltr'><strong>quia</strong></span> <span class='ocrx_word' id='word_1_45' title='bbox 1074 718 1117 777; x_wconf 91' lang='lat' dir='ltr'><strong>ita</strong></span> 
     </span>
     <span class='ocr_line' id='line_1_6' title="bbox 13 805 960 887; baseline 0 -23"><span class='ocrx_word' id='word_1_46' title='bbox 13 805 14 842; x_wconf 62' lang='lat' dir='ltr'><strong>l</strong></span> <span class='ocrx_word' id='word_1_47' title='bbox 69 823 308 887; x_wconf 76' lang='lat' dir='ltr'><strong>congressurum</strong></span> <span class='ocrx_word' id='word_1_48' title='bbox 322 805 451 886; x_wconf 88' lang='lat' dir='ltr'><strong>putabat</strong></span> <span class='ocrx_word' id='word_1_49' title='bbox 462 808 597 866; x_wconf 84' lang='lat' dir='ltr'><strong>Annum.</strong></span> <span class='ocrx_word' id='word_1_50' title='bbox 955 813 960 822; x_wconf 82' lang='grc'><strong>”</strong></span> 
     </span>
     <span class='ocr_line' id='line_1_7' title="bbox 12 843 1119 976; baseline 0 -23"><span class='ocrx_word' id='word_1_51' title='bbox 12 843 14 936; x_wconf 82' lang='lat' dir='ltr'><strong>l</strong></span> <span class='ocrx_word' id='word_1_52' title='bbox 108 912 177 976; x_wconf 82' lang='lat'><strong>712.</strong></span> <span class='ocrx_word' id='word_1_53' title='bbox 186 896 341 976; x_wconf 80' lang='lat' dir='ltr'><strong>Apparuit</strong></span> <span class='ocrx_word' id='word_1_54' title='bbox 351 909 425 954; x_wconf 91' lang='lat' dir='ltr'><strong>tunc</strong></span> <span class='ocrx_word' id='word_1_55' title='bbox 436 897 516 955; x_wconf 78' lang='lat' dir='ltr'><strong>huui</strong></span> <span class='ocrx_word' id='word_1_56' title='bbox 527 894 632 969; x_wconf 82' lang='lat' dir='ltr'><strong>dolus3</strong></span> <span class='ocrx_word' id='word_1_57' title='bbox 646 914 720 954; x_wconf 89' lang='lat' dir='ltr'><strong>nam</strong></span> <span class='ocrx_word' id='word_1_58' title='bbox 731 896 835 955; x_wconf 89' lang='lat' dir='ltr'><strong>statim</strong></span> <span class='ocrx_word' id='word_1_59' title='bbox 843 910 978 956; x_wconf 86' lang='lat' dir='ltr'><strong>nontam</strong></span> <span class='ocrx_word' id='word_1_60' title='bbox 988 885 1119 970; x_wconf 83' lang='lat' dir='ltr'><strong>currere,</strong></span> 
     </span>
     <span class='ocr_line' id='line_1_8' title="bbox 12 967 1121 1098; baseline 0.001 -55"><span class='ocrx_word' id='word_1_61' title='bbox 12 967 15 1098; x_wconf 52' lang='lat' dir='ltr'><strong>q</strong></span> <span class='ocrx_word' id='word_1_62' title='bbox 71 1000 165 1065; x_wconf 88' lang='lat' dir='ltr'><strong>quam</strong></span> <span class='ocrx_word' id='word_1_63' title='bbox 177 983 286 1044; x_wconf 88' lang='lat' dir='ltr'><strong>volare</strong></span> <span class='ocrx_word' id='word_1_64' title='bbox 300 985 397 1059; x_wconf 86' lang='lat' dir='ltr'><strong>visus,</strong></span> <span class='ocrx_word' id='word_1_65' title='bbox 409 982 537 1044; x_wconf 86' lang='lat' dir='ltr'><strong>habenis</strong></span> <span class='ocrx_word' id='word_1_66' title='bbox 549 982 724 1060; x_wconf 84' lang='lat' dir='ltr'><strong>conversis,</strong></span> <span class='ocrx_word' id='word_1_67' title='bbox 736 998 766 1044; x_wconf 89' lang='lat' dir='ltr'><strong>et</strong></span> <span class='ocrx_word' id='word_1_68' title='bbox 780 1007 860 1066; x_wconf 91' lang='lat' dir='ltr'><strong>equo</strong></span> <span class='ocrx_word' id='word_1_69' title='bbox 871 985 1001 1066; x_wconf 78' lang='lat' dir='ltr'><strong>fatigato</strong></span> <span class='ocrx_word' id='word_1_70' title='bbox 1014 986 1121 1045; x_wconf 90' lang='lat' dir='ltr'><strong>stimu-</strong></span> 
     </span>
     <span class='ocr_line' id='line_1_9' title="bbox 71 1069 1120 1152; baseline -0.001 -23"><span class='ocrx_word' id='word_1_71' title='bbox 71 1071 114 1131; x_wconf 87' lang='lat' dir='ltr'><strong>lis.</strong></span> <span class='ocrx_word' id='word_1_72' title='bbox 135 1073 173 1130; x_wconf 80' lang='grc' dir='ltr'><strong>Τὸ</strong></span> <span class='ocrx_word' id='word_1_73' title='bbox 187 1069 302 1146; x_wconf 81' lang='lat' dir='ltr'><strong>avolat,</strong></span> <span class='ocrx_word' id='word_1_74' title='bbox 322 1083 379 1146; x_wconf 91' lang='lat' dir='ltr'><strong>est,</strong></span> <span class='ocrx_word' id='word_1_75' title='bbox 399 1072 487 1152; x_wconf 81' lang='lat' dir='ltr'><strong>quasi</strong></span> <span class='ocrx_word' id='word_1_76' title='bbox 499 1071 573 1131; x_wconf 90' lang='lat' dir='ltr'><strong>inde</strong></span> <span class='ocrx_word' id='word_1_77' title='bbox 586 1071 726 1131; x_wconf 83' lang='lat' dir='ltr'><strong>volando</strong></span> <span class='ocrx_word' id='word_1_78' title='bbox 738 1071 875 1132; x_wconf 86' lang='lat' dir='ltr'><strong>ablatus:</strong></span> <span class='ocrx_word' id='word_1_79' title='bbox 896 1072 967 1132; x_wconf 87' lang='lat' dir='ltr'><strong>vide</strong></span> <span class='ocrx_word' id='word_1_80' title='bbox 980 1093 1066 1146; x_wconf 86' lang='lat' dir='ltr'><strong>vero,</strong></span> <span class='ocrx_word' id='word_1_81' title='bbox 1085 1082 1120 1130; x_wconf 87' lang='lat' dir='ltr'><strong>ut</strong></span> 
     </span>
     <span class='ocr_line' id='line_1_10' title="bbox 12 1125 824 1241; baseline 0.001 -21.999"><span class='ocrx_word' id='word_1_82' title='bbox 12 1125 14 1194; x_wconf 79' lang='lat' dir='ltr'><strong>l</strong></span> <span class='ocrx_word' id='word_1_83' title='bbox 72 1161 164 1220; x_wconf 88' lang='lat' dir='ltr'><strong>etiam</strong></span> <span class='ocrx_word' id='word_1_84' title='bbox 175 1161 206 1218; x_wconf 83' lang='grc' dir='ltr'><strong>τὸ</strong></span> <span class='ocrx_word' id='word_1_85' title='bbox 221 1157 492 1241; x_wconf 76' lang='lat' dir='ltr'><strong><em>quadrupedemque</em></strong></span> <span class='ocrx_word' id='word_1_86' title='bbox 505 1163 612 1234; x_wconf 87' lang='lat' dir='ltr'><strong>citum,</strong></span> <span class='ocrx_word' id='word_1_87' title='bbox 626 1161 718 1220; x_wconf 87' lang='lat' dir='ltr'><strong>etiarn</strong></span> <span class='ocrx_word' id='word_1_88' title='bbox 731 1160 824 1220; x_wconf 79' lang='lat' dir='ltr'><strong>volet.</strong></span> 
     </span>
     <span class='ocr_line' id='line_1_11' title="bbox 11 1236 1122 1333; baseline -0.005 -22"><span class='ocrx_word' id='word_1_89' title='bbox 11 1273 13 1304; x_wconf 71' lang='grc' dir='ltr'>ι</span> <span class='ocrx_word' id='word_1_90' title='bbox 108 1251 179 1332; x_wconf 83' lang='grc' dir='ltr'><strong>7ι5.</strong></span> <span class='ocrx_word' id='word_1_91' title='bbox 200 1251 300 1310; x_wconf 89' lang='lat' dir='ltr'><strong>Vocat</strong></span> <span class='ocrx_word' id='word_1_92' title='bbox 317 1267 441 1324; x_wconf 86' lang='lat' dir='ltr'><strong>uanum,</strong></span> <span class='ocrx_word' id='word_1_93' title='bbox 465 1251 513 1309; x_wconf 86' lang='lat' dir='ltr'><strong>vel</strong></span> <span class='ocrx_word' id='word_1_94' title='bbox 531 1251 603 1330; x_wconf 87' lang='lat' dir='ltr'><strong>quia</strong></span> <span class='ocrx_word' id='word_1_95' title='bbox 615 1251 731 1333; x_wconf 70' lang='lat' dir='ltr'><strong>fitutia</strong></span> <span class='ocrx_word' id='word_1_96' title='bbox 747 1236 838 1310; x_wconf 81' lang='lat' dir='ltr'><strong>etauis</strong></span> <span class='ocrx_word' id='word_1_97' title='bbox 856 1247 982 1331; x_wconf 88' lang='lat' dir='ltr'><strong>superbis</strong></span> <span class='ocrx_word' id='word_1_98' title='bbox 999 1249 1122 1320; x_wconf 86' lang='lat' dir='ltr'><strong>animis,·</strong></span> 
     </span>
     <span class='ocr_line' id='line_1_12' title="bbox 72 1337 1124 1424; baseline -0.004 -23"><span class='ocrx_word' id='word_1_99' title='bbox 72 1343 160 1424; x_wconf 88' lang='lat' dir='ltr'><strong>quasi</strong></span> <span class='ocrx_word' id='word_1_100' title='bbox 171 1339 271 1414; x_wconf 90' lang='lat' dir='ltr'><strong>dicat,</strong></span> <span class='ocrx_word' id='word_1_101' title='bbox 284 1341 428 1410; x_wconf 71' lang='grc' dir='ltr'><strong>κενοδοξίαν</strong></span> <span class='ocrx_word' id='word_1_102' title='bbox 438 1339 571 1400; x_wconf 83' lang='lat' dir='ltr'><strong>futiliter</strong></span> <span class='ocrx_word' id='word_1_103' title='bbox 581 1341 741 1422; x_wconf 76' lang='lat' dir='ltr'><strong>superbire</strong></span> <span class='ocrx_word' id='word_1_104' title='bbox 753 1341 936 1412; x_wconf 65' lang='lat' dir='ltr'><strong>etelstanus,</strong></span> <span class='ocrx_word' id='word_1_105' title='bbox 947 1337 979 1396; x_wconf 91' lang='lat' dir='ltr'><strong>id</strong></span> <span class='ocrx_word' id='word_1_106' title='bbox 990 1349 1048 1412; x_wconf 87' lang='lat' dir='ltr'><strong>est,</strong></span> <span class='ocrx_word' id='word_1_107' title='bbox 1057 1357 1124 1397; x_wconf 86' lang='lat' dir='ltr'><strong>ver·</strong></span> 
     </span>
     <span class='ocr_line' id='line_1_13' title="bbox 11 1427 1122 1511; baseline -0.005 -22"><span class='ocrx_word' id='word_1_108' title='bbox 11 1501 12 1508; x_wconf 33' lang='lat'><strong>,</strong></span> <span class='ocrx_word' id='word_1_109' title='bbox 70 1429 186 1511; x_wconf 85' lang='lat' dir='ltr'><strong>sipellis</strong></span> <span class='ocrx_word' id='word_1_110' title='bbox 205 1443 237 1488; x_wconf 92' lang='lat' dir='ltr'><strong>et</strong></span> <span class='ocrx_word' id='word_1_111' title='bbox 254 1427 490 1503; x_wconf 87' lang='lat' dir='ltr'><strong>fraudulentus,</strong></span> <span class='ocrx_word' id='word_1_112' title='bbox 511 1427 598 1510; x_wconf 89' lang='lat' dir='ltr'><strong>quod</strong></span> <span class='ocrx_word' id='word_1_113' title='bbox 618 1429 775 1511; x_wconf 73' lang='lat' dir='ltr'><strong>explicans</strong></span> <span class='ocrx_word' id='word_1_114' title='bbox 798 1427 900 1504; x_wconf 86' lang='lat' dir='ltr'><strong>addit,</strong></span> <span class='ocrx_word' id='word_1_115' title='bbox 919 1427 1122 1508; x_wconf 86' lang='lat' dir='ltr'><strong>Nequicquum</strong></span> 
     </span>
     <span class='ocr_line' id='line_1_14' title="bbox 10 1515 1213 1600; baseline -0.007 -20"><span class='ocrx_word' id='word_1_116' title='bbox 10 1545 11 1560; x_wconf 49' lang='lat' dir='ltr'><strong>t</strong></span> <span class='ocrx_word' id='word_1_117' title='bbox 70 1522 179 1600; x_wconf 84' lang='lat' dir='ltr'><strong>patrias</strong></span> <span class='ocrx_word' id='word_1_118' title='bbox 191 1520 308 1579; x_wconf 76' lang='lat' dir='ltr'><strong>tentasti</strong></span> <span class='ocrx_word' id='word_1_119' title='bbox 324 1515 450 1580; x_wconf 83' lang='lat' dir='ltr'><strong>lubricus</strong></span> <span class='ocrx_word' id='word_1_120' title='bbox 462 1532 554 1580; x_wconf 86' lang='lat' dir='ltr'><strong>artes:</strong></span> <span class='ocrx_word' id='word_1_121' title='bbox 569 1520 657 1600; x_wconf 86' lang='lat' dir='ltr'><strong>quasi</strong></span> <span class='ocrx_word' id='word_1_122' title='bbox 670 1518 761 1579; x_wconf 87' lang='lat' dir='ltr'><strong>dulus</strong></span> <span class='ocrx_word' id='word_1_123' title='bbox 773 1519 806 1578; x_wconf 93' lang='lat' dir='ltr'><strong>in</strong></span> <span class='ocrx_word' id='word_1_124' title='bbox 817 1516 902 1578; x_wconf 89' lang='lat' dir='ltr'><strong>bello</strong></span> <span class='ocrx_word' id='word_1_125' title='bbox 916 1538 995 1576; x_wconf 87' lang='lat' dir='ltr'><strong>vana</strong></span> <span class='ocrx_word' id='word_1_126' title='bbox 1008 1517 1048 1576; x_wconf 92' lang='lat' dir='ltr'><strong>sit</strong></span> <span class='ocrx_word' id='word_1_127' title='bbox 1060 1535 1124 1574; x_wconf 87' lang='lat' dir='ltr'><strong>um·</strong></span> <span class='ocrx_word' id='word_1_128' title='bbox 1208 1517 1213 1525; x_wconf 86' lang='grc'><em>“</em></span> 
     </span>
     <span class='ocr_line' id='line_1_15' title="bbox 70 1606 1124 1689; baseline -0.006 -21"><span class='ocrx_word' id='word_1_129' title='bbox 70 1610 123 1668; x_wconf 88' lang='lat' dir='ltr'><strong>bra</strong></span> <span class='ocrx_word' id='word_1_130' title='bbox 138 1609 279 1680; x_wconf 86' lang='lat' dir='ltr'><strong>virtutis,</strong></span> <span class='ocrx_word' id='word_1_131' title='bbox 291 1627 358 1667; x_wconf 89' lang='lat' dir='ltr'><strong>non</strong></span> <span class='ocrx_word' id='word_1_132' title='bbox 370 1627 440 1667; x_wconf 84' lang='lat' dir='ltr'><strong>vera</strong></span> <span class='ocrx_word' id='word_1_133' title='bbox 454 1609 569 1668; x_wconf 88' lang='lat' dir='ltr'><strong>virtus:</strong></span> <span class='ocrx_word' id='word_1_134' title='bbox 585 1629 659 1668; x_wconf 90' lang='lat' dir='ltr'><strong>nam</strong></span> <span class='ocrx_word' id='word_1_135' title='bbox 674 1609 728 1689; x_wconf 92' lang='lat' dir='ltr'><strong>qui</strong></span> <span class='ocrx_word' id='word_1_136' title='bbox 745 1609 878 1668; x_wconf 88' lang='lat' dir='ltr'><strong>vincunt</strong></span> <span class='ocrx_word' id='word_1_137' title='bbox 891 1606 980 1682; x_wconf 92' lang='lat' dir='ltr'><strong>dolo,</strong></span> <span class='ocrx_word' id='word_1_138' title='bbox 993 1607 1124 1666; x_wconf 86' lang='lat' dir='ltr'><strong>vincunt</strong></span> 
     </span>
    </p>
   </div>
   <div class='ocr_carea' id='block_1_3' title="bbox 8 1695 1196 2680">
    <p class='ocr_par' dir='ltr' id='par_1_3' title="bbox 72 1695 1196 1778">
     <span class='ocr_line' id='line_1_16' title="bbox 72 1695 1196 1778; baseline -0.005 -21"><span class='ocrx_word' id='word_1_139' title='bbox 72 1699 159 1758; x_wconf 88' lang='lat' dir='ltr'><strong>inani</strong></span> <span class='ocrx_word' id='word_1_140' title='bbox 173 1695 371 1756; x_wconf 81' lang='lat' dir='ltr'><strong>fortitudine.</strong></span> <span class='ocrx_word' id='word_1_141' title='bbox 385 1696 442 1758; x_wconf 88' lang='lat' dir='ltr'><strong>Sed</strong></span> <span class='ocrx_word' id='word_1_142' title='bbox 457 1699 629 1777; x_wconf 88' lang='lat' dir='ltr'><strong>quiveram</strong></span> <span class='ocrx_word' id='word_1_143' title='bbox 643 1697 756 1758; x_wconf 86' lang='lat' dir='ltr'><strong>seriem</strong></span> <span class='ocrx_word' id='word_1_144' title='bbox 768 1697 893 1778; x_wconf 78' lang='lat' dir='ltr'><strong>Virgilii</strong></span> <span class='ocrx_word' id='word_1_145' title='bbox 907 1708 1005 1771; x_wconf 90' lang='lat' dir='ltr'><strong>amat,</strong></span> <span class='ocrx_word' id='word_1_146' title='bbox 1019 1695 1061 1753; x_wconf 87' lang='lat' dir='ltr'><strong>ita</strong></span> <span class='ocrx_word' id='word_1_147' title='bbox 1073 1712 1123 1752; x_wconf 83' lang='lat' dir='ltr'><strong>ex·</strong></span> <span class='ocrx_word' id='word_1_148' title='bbox 1189 1753 1196 1766; x_wconf 41' lang='grc' dir='ltr'><em>Ι</em></span> 
     </span>
    </p>

    <p class='ocr_par' dir='ltr' id='par_1_4' title="bbox 8 1779 1140 2680">
     <span class='ocr_line' id='line_1_17' title="bbox 72 1779 1126 1868; baseline -0.005 -25"><span class='ocrx_word' id='word_1_149' title='bbox 72 1784 181 1866; x_wconf 87' lang='lat' dir='ltr'><strong>plicet;</strong></span> <span class='ocrx_word' id='word_1_150' title='bbox 201 1802 310 1858; x_wconf 83' lang='lat' dir='ltr'><strong>uanus,</strong></span> <span class='ocrx_word' id='word_1_151' title='bbox 333 1785 525 1868; x_wconf 84' lang='lat' dir='ltr'><strong>quiasrustra</strong></span> <span class='ocrx_word' id='word_1_152' title='bbox 537 1782 645 1858; x_wconf 86' lang='lat' dir='ltr'><strong>elutus,·</strong></span> <span class='ocrx_word' id='word_1_153' title='bbox 659 1798 689 1844; x_wconf 91' lang='lat' dir='ltr'><strong>et</strong></span> <span class='ocrx_word' id='word_1_154' title='bbox 704 1786 778 1867; x_wconf 91' lang='lat' dir='ltr'><strong>quia</strong></span> <span class='ocrx_word' id='word_1_155' title='bbox 782 1785 899 1868; x_wconf 84' lang='lat' dir='ltr'><strong>frustra</strong></span> <span class='ocrx_word' id='word_1_156' title='bbox 904 1830 913 1858; x_wconf 92' lang='lat'><strong>,</strong></span> <span class='ocrx_word' id='word_1_157' title='bbox 927 1780 997 1842; x_wconf 90' lang='lat' dir='ltr'><strong>ideo</strong></span> <span class='ocrx_word' id='word_1_158' title='bbox 1010 1779 1126 1861; x_wconf 83' lang='lat' dir='ltr'><strong>nequic-</strong></span> 
     </span>
     <span class='ocr_line' id='line_1_18' title="bbox 9 1865 1140 1955; baseline -0.007 -22"><span class='ocrx_word' id='word_1_159' title='bbox 9 1879 14 1946; x_wconf 73' lang='lat' dir='ltr'><strong>t</strong></span> <span class='ocrx_word' id='word_1_160' title='bbox 72 1894 160 1954; x_wconf 87' lang='lat' dir='ltr'><strong>quam</strong></span> <span class='ocrx_word' id='word_1_161' title='bbox 179 1875 294 1932; x_wconf 79' lang='lat' dir='ltr'><strong>tentasti</strong></span> <span class='ocrx_word' id='word_1_162' title='bbox 314 1867 439 1933; x_wconf 76' lang='lat' dir='ltr'><strong>lubricus</strong></span> <span class='ocrx_word' id='word_1_163' title='bbox 455 1885 546 1946; x_wconf 85' lang='lat' dir='ltr'><strong>artes,·</strong></span> <span class='ocrx_word' id='word_1_164' title='bbox 565 1884 596 1932; x_wconf 87' lang='lat' dir='ltr'><strong>et</strong></span> <span class='ocrx_word' id='word_1_165' title='bbox 608 1873 685 1954; x_wconf 90' lang='lat' dir='ltr'><strong>quia</strong></span> <span class='ocrx_word' id='word_1_166' title='bbox 699 1874 893 1955; x_wconf 83' lang='lat' dir='ltr'><strong>nequicquam</strong></span> <span class='ocrx_word' id='word_1_167' title='bbox 906 1868 1033 1942; x_wconf 84' lang='lat' dir='ltr'><strong>tentasti,</strong></span> <span class='ocrx_word' id='word_1_168' title='bbox 1053 1865 1124 1926; x_wconf 89' lang='lat' dir='ltr'><strong>ideo</strong></span> <span class='ocrx_word' id='word_1_169' title='bbox 1138 1875 1140 1882; x_wconf 64' lang='lat'><strong>⁴</strong></span> 
     </span>
     <span class='ocr_line' id='line_1_19' title="bbox 73 1956 1125 2045; baseline -0.004 -24.291"><span class='ocrx_word' id='word_1_170' title='bbox 73 1983 133 2021; x_wconf 86' lang='lat' dir='ltr'><strong>aon</strong></span> <span class='ocrx_word' id='word_1_171' title='bbox 139 1962 264 2045; x_wconf 73' lang='lat' dir='ltr'><strong>suaeuis</strong></span> <span class='ocrx_word' id='word_1_172' title='bbox 276 1959 431 2022; x_wconf 77' lang='lat' dir='ltr'><strong>incolumis</strong></span> <span class='ocrx_word' id='word_1_173' title='bbox 439 1985 452 2036; x_wconf 94' lang='lat'><strong>,·</strong></span> <span class='ocrx_word' id='word_1_174' title='bbox 472 1983 512 2022; x_wconf 91' lang='lat' dir='ltr'><strong>ne</strong></span> <span class='ocrx_word' id='word_1_175' title='bbox 528 1961 643 2022; x_wconf 90' lang='lat' dir='ltr'><strong>scilicet</strong></span> <span class='ocrx_word' id='word_1_176' title='bbox 657 1961 777 2023; x_wconf 86' lang='lat' dir='ltr'><strong>laetetur</strong></span> <span class='ocrx_word' id='word_1_177' title='bbox 791 1960 885 2021; x_wconf 82' lang='lat' dir='ltr'><strong>fallax</strong></span> <span class='ocrx_word' id='word_1_178' title='bbox 896 1973 985 2044; x_wconf 89' lang='lat' dir='ltr'><strong>pater</strong></span> <span class='ocrx_word' id='word_1_179' title='bbox 995 1956 1125 2018; x_wconf 86' lang='lat' dir='ltr'><strong>fallaciis</strong></span> 
     </span>
     <span class='ocr_line' id='line_1_20' title="bbox 8 2641 10 2680; baseline 0 0"><span class='ocrx_word' id='word_1_180' title='bbox 8 2641 10 2680; x_wconf 77' lang='lat' dir='ltr'><strong>t</strong></span> 
     </span>
    </p>
   </div>
   <div class='ocr_carea' id='block_1_4' title="bbox 74 2047 1127 2570">
    <p class='ocr_par' dir='ltr' id='par_1_5' title="bbox 74 2047 1125 2222">
     <span class='ocr_line' id='line_1_21' title="bbox 74 2047 1125 2132; baseline -0.004 -24"><span class='ocrx_word' id='word_1_181' title='bbox 74 2049 144 2124; x_wconf 83' lang='lat' dir='ltr'><strong>tilii,</strong></span> <span class='ocrx_word' id='word_1_182' title='bbox 159 2048 290 2110; x_wconf 89' lang='lat' dir='ltr'><strong>dolosus</strong></span> <span class='ocrx_word' id='word_1_183' title='bbox 303 2063 391 2132; x_wconf 87' lang='lat' dir='ltr'><strong>pater</strong></span> <span class='ocrx_word' id='word_1_184' title='bbox 400 2050 482 2111; x_wconf 86' lang='lat' dir='ltr'><strong>dolis</strong></span> <span class='ocrx_word' id='word_1_185' title='bbox 493 2051 562 2112; x_wconf 87' lang='lat' dir='ltr'><strong>filii.</strong></span> <span class='ocrx_word' id='word_1_186' title='bbox 575 2053 612 2112; x_wconf 90' lang='lat' dir='ltr'><strong>ln</strong></span> <span class='ocrx_word' id='word_1_187' title='bbox 627 2071 701 2112; x_wconf 87' lang='lat' dir='ltr'><strong>voce</strong></span> <span class='ocrx_word' id='word_1_188' title='bbox 714 2049 839 2113; x_wconf 85' lang='lat' dir='ltr'><strong>lubricus</strong></span> <span class='ocrx_word' id='word_1_189' title='bbox 849 2049 983 2110; x_wconf 88' lang='lat' dir='ltr'><strong>allusum</strong></span> <span class='ocrx_word' id='word_1_190' title='bbox 995 2047 1125 2108; x_wconf 87' lang='lat' dir='ltr'><strong>fortasse</strong></span> 
     </span>
     <span class='ocr_line' id='line_1_22' title="bbox 74 2137 868 2222; baseline 0.001 -26"><span class='ocrx_word' id='word_1_191' title='bbox 74 2137 110 2196; x_wconf 88' lang='lat' dir='ltr'><strong>ad</strong></span> <span class='ocrx_word' id='word_1_192' title='bbox 123 2151 273 2198; x_wconf 86' lang='lat' dir='ltr'><strong>naturam</strong></span> <span class='ocrx_word' id='word_1_193' title='bbox 286 2140 487 2220; x_wconf 81' lang='lat' dir='ltr'><strong>serpentium.</strong></span> <span class='ocrx_word' id='word_1_194' title='bbox 582 2215 586 2222; x_wconf 21' lang='grc' dir='ltr'>ι</span> <span class='ocrx_word' id='word_1_195' title='bbox 863 2155 868 2160; x_wconf 83' lang='grc'>’</span> 
     </span>
    </p>

    <p class='ocr_par' dir='ltr' id='par_1_6' title="bbox 75 2227 1127 2570">
     <span class='ocr_line' id='line_1_23' title="bbox 111 2227 1126 2307; baseline -0.006 -21"><span class='ocrx_word' id='word_1_196' title='bbox 111 2229 180 2307; x_wconf 81' lang='lat'>718.</span> <span class='ocrx_word' id='word_1_197' title='bbox 198 2228 272 2286; x_wconf 83' lang='lat' dir='ltr'><strong>llaec</strong></span> <span class='ocrx_word' id='word_1_198' title='bbox 285 2247 383 2307; x_wconf 88' lang='lat' dir='ltr'><strong>quum</strong></span> <span class='ocrx_word' id='word_1_199' title='bbox 395 2227 534 2303; x_wconf 84' lang='lat' dir='ltr'><strong>dixisset,</strong></span> <span class='ocrx_word' id='word_1_200' title='bbox 547 2248 581 2288; x_wconf 89' lang='lat' dir='ltr'><strong>ea</strong></span> <span class='ocrx_word' id='word_1_201' title='bbox 595 2227 765 2288; x_wconf 84' lang='lat' dir='ltr'><strong>velocitate</strong></span> <span class='ocrx_word' id='word_1_202' title='bbox 775 2227 935 2288; x_wconf 89' lang='lat' dir='ltr'><strong>volantem</strong></span> <span class='ocrx_word' id='word_1_203' title='bbox 946 2244 1061 2307; x_wconf 89' lang='lat' dir='ltr'><strong>equum</strong></span> <span class='ocrx_word' id='word_1_204' title='bbox 1074 2241 1126 2304; x_wconf 89' lang='lat' dir='ltr'><strong>pe·</strong></span> 
     </span>
     <span class='ocr_line' id='line_1_24' title="bbox 76 2308 1126 2397; baseline -0.004 -25"><span class='ocrx_word' id='word_1_205' title='bbox 76 2311 125 2373; x_wconf 90' lang='lat' dir='ltr'><strong>des</strong></span> <span class='ocrx_word' id='word_1_206' title='bbox 137 2315 207 2395; x_wconf 90' lang='lat' dir='ltr'><strong>ipsa</strong></span> <span class='ocrx_word' id='word_1_207' title='bbox 222 2316 406 2390; x_wconf 66' lang='lat' dir='ltr'><strong>antevertit,</strong></span> <span class='ocrx_word' id='word_1_208' title='bbox 419 2327 455 2376; x_wconf 92' lang='lat' dir='ltr'><strong>ut</strong></span> <span class='ocrx_word' id='word_1_209' title='bbox 467 2317 571 2397; x_wconf 78' lang='lat' dir='ltr'><strong>ignem</strong></span> <span class='ocrx_word' id='word_1_210' title='bbox 587 2315 719 2390; x_wconf 86' lang='lat' dir='ltr'><strong>diceres,</strong></span> <span class='ocrx_word' id='word_1_211' title='bbox 742 2336 805 2396; x_wconf 93' lang='lat' dir='ltr'><strong>quo</strong></span> <span class='ocrx_word' id='word_1_212' title='bbox 821 2315 976 2374; x_wconf 87' lang='lat' dir='ltr'><strong>elemento</strong></span> <span class='ocrx_word' id='word_1_213' title='bbox 990 2309 1070 2371; x_wconf 90' lang='lat' dir='ltr'><strong>nihil</strong></span> <span class='ocrx_word' id='word_1_214' title='bbox 1085 2308 1126 2368; x_wconf 90' lang='lat' dir='ltr'><strong>le-</strong></span> 
     </span>
     <span class='ocr_line' id='line_1_25' title="bbox 75 2396 1125 2484; baseline -0.006 -25"><span class='ocrx_word' id='word_1_215' title='bbox 75 2401 156 2474; x_wconf 85' lang='lat' dir='ltr'><strong>rius,</strong></span> <span class='ocrx_word' id='word_1_216' title='bbox 169 2414 200 2460; x_wconf 91' lang='lat' dir='ltr'><strong>et</strong></span> <span class='ocrx_word' id='word_1_217' title='bbox 211 2400 357 2461; x_wconf 87' lang='lat' dir='ltr'><strong>celerius:</strong></span> <span class='ocrx_word' id='word_1_218' title='bbox 373 2403 493 2463; x_wconf 87' lang='lat' dir='ltr'><strong>adstitit</strong></span> <span class='ocrx_word' id='word_1_219' title='bbox 503 2423 584 2483; x_wconf 90' lang='lat' dir='ltr'><strong>equo</strong></span> <span class='ocrx_word' id='word_1_220' title='bbox 595 2423 612 2462; x_wconf 89' lang='lat' dir='ltr'><strong>e</strong></span> <span class='ocrx_word' id='word_1_221' title='bbox 624 2405 765 2484; x_wconf 78' lang='lat' dir='ltr'><strong>regione,</strong></span> <span class='ocrx_word' id='word_1_222' title='bbox 778 2422 852 2461; x_wconf 90' lang='lat' dir='ltr'><strong>nam</strong></span> <span class='ocrx_word' id='word_1_223' title='bbox 864 2399 924 2460; x_wconf 88' lang='lat' dir='ltr'><strong>buc</strong></span> <span class='ocrx_word' id='word_1_224' title='bbox 936 2411 994 2472; x_wconf 87' lang='lat' dir='ltr'><strong>est,</strong></span> <span class='ocrx_word' id='word_1_225' title='bbox 1007 2396 1125 2457; x_wconf 86' lang='lat' dir='ltr'><strong>adversa</strong></span> 
     </span>
     <span class='ocr_line' id='line_1_26' title="bbox 75 2485 1127 2570; baseline -0.007 -23"><span class='ocrx_word' id='word_1_226' title='bbox 75 2485 244 2570; x_wconf 87' lang='lat' dir='ltr'><strong>prehendit</strong></span> <span class='ocrx_word' id='word_1_227' title='bbox 258 2487 371 2565; x_wconf 81' lang='lat' dir='ltr'><strong>irtena,</strong></span> <span class='ocrx_word' id='word_1_228' title='bbox 386 2487 548 2550; x_wconf 86' lang='lat' dir='ltr'><strong>hominem</strong></span> <span class='ocrx_word' id='word_1_229' title='bbox 562 2489 736 2550; x_wconf 85' lang='lat' dir='ltr'><strong>interfecit:</strong></span> <span class='ocrx_word' id='word_1_230' title='bbox 751 2507 782 2549; x_wconf 90' lang='lat' dir='ltr'><strong>et</strong></span> <span class='ocrx_word' id='word_1_231' title='bbox 794 2500 867 2548; x_wconf 91' lang='lat' dir='ltr'><strong>nota</strong></span> <span class='ocrx_word' id='word_1_232' title='bbox 883 2485 1127 2548; x_wconf 85' lang='lat' dir='ltr'><strong>concinnitatem</strong></span> 
     </span>
    </p>
   </div>
   <div class='ocr_carea' id='block_1_5' title="bbox 8 2571 1126 2766">
    <p class='ocr_par' dir='ltr' id='par_1_7' title="bbox 8 2571 1126 2766">
     <span class='ocr_line' id='line_1_27' title="bbox 75 2571 1126 2661; baseline -0.011 -20"><span class='ocrx_word' id='word_1_233' title='bbox 75 2592 188 2659; x_wconf 78' lang='lat' dir='ltr'><strong>poetae3</strong></span> <span class='ocrx_word' id='word_1_234' title='bbox 200 2581 274 2661; x_wconf 87' lang='lat' dir='ltr'><strong>quie</strong></span> <span class='ocrx_word' id='word_1_235' title='bbox 286 2579 406 2640; x_wconf 88' lang='lat' dir='ltr'><strong>dictum</strong></span> <span class='ocrx_word' id='word_1_236' title='bbox 416 2580 472 2640; x_wconf 88' lang='lat' dir='ltr'><strong>lib.</strong></span> <span class='ocrx_word' id='word_1_237' title='bbox 481 2581 538 2640; x_wconf 90' lang='lat' dir='ltr'><strong>Vll</strong></span> <span class='ocrx_word' id='word_1_238' title='bbox 550 2579 689 2641; x_wconf 75' lang='lat' dir='ltr'><strong>Camillae</strong></span> <span class='ocrx_word' id='word_1_239' title='bbox 704 2599 796 2639; x_wconf 86' lang='lat' dir='ltr'><strong>cursu</strong></span> <span class='ocrx_word' id='word_1_240' title='bbox 809 2597 848 2637; x_wconf 92' lang='lat' dir='ltr'><strong>ne</strong></span> <span class='ocrx_word' id='word_1_241' title='bbox 858 2587 990 2658; x_wconf 75' lang='lat' dir='ltr'><strong>segetem</strong></span> <span class='ocrx_word' id='word_1_242' title='bbox 1001 2571 1126 2657; x_wconf 87' lang='lat' dir='ltr'><strong>quidem</strong></span> 
     </span>
     <span class='ocr_line' id='line_1_28' title="bbox 8 2665 1006 2766; baseline -0.007 -38"><span class='ocrx_word' id='word_1_243' title='bbox 8 2687 9 2696; x_wconf 58' lang='lat'>¹</span> <span class='ocrx_word' id='word_1_244' title='bbox 75 2665 161 2743; x_wconf 77' lang='lat' dir='ltr'><strong>laedi,</strong></span> <span class='ocrx_word' id='word_1_245' title='bbox 173 2667 211 2728; x_wconf 82' lang='lat' dir='ltr'><strong>iit</strong></span> <span class='ocrx_word' id='word_1_246' title='bbox 223 2681 259 2728; x_wconf 90' lang='lat' dir='ltr'><strong>ut</strong></span> <span class='ocrx_word' id='word_1_247' title='bbox 271 2665 323 2729; x_wconf 87' lang='lat' dir='ltr'><strong>hic</strong></span> <span class='ocrx_word' id='word_1_248' title='bbox 338 2687 454 2750; x_wconf 87' lang='lat' dir='ltr'><strong>equum</strong></span> <span class='ocrx_word' id='word_1_249' title='bbox 469 2667 626 2729; x_wconf 82' lang='lat' dir='ltr'><strong>volantem</strong></span> <span class='ocrx_word' id='word_1_250' title='bbox 639 2665 730 2750; x_wconf 90' lang='lat' dir='ltr'><strong>pedes</strong></span> <span class='ocrx_word' id='word_1_251' title='bbox 745 2669 811 2749; x_wconf 91' lang='lat' dir='ltr'><strong>ipsa</strong></span> <span class='ocrx_word' id='word_1_252' title='bbox 823 2676 1006 2766; x_wconf 72' lang='lat' dir='ltr'><strong>antevertat.</strong></span> 
     </span>
    </p>
   </div>
   <div class='ocr_carea' id='block_1_6' title="bbox 8 2838 1200 4122">
    <p class='ocr_par' dir='ltr' id='par_1_8' title="bbox 8 2838 1128 3081">
     <span class='ocr_line' id='line_1_29' title="bbox 8 2838 1126 2918; baseline -0.013 -16"><span class='ocrx_word' id='word_1_253' title='bbox 8 2875 9 2892; x_wconf 50' lang='grc' dir='ltr'>ι</span> <span class='ocrx_word' id='word_1_254' title='bbox 107 2848 170 2918; x_wconf 81' lang='grc'><strong>695.</strong></span> <span class='ocrx_word' id='word_1_255' title='bbox 191 2850 313 2902; x_wconf 57' lang='lat' dir='ltr'><strong>Interior,</strong></span> <span class='ocrx_word' id='word_1_256' title='bbox 331 2849 498 2916; x_wconf 72' lang='lat' dir='ltr'><strong>sinisterior,</strong></span> <span class='ocrx_word' id='word_1_257' title='bbox 518 2851 578 2902; x_wconf 82' lang='lat' dir='ltr'><strong>bre·</strong></span> <span class='ocrx_word' id='word_1_258' title='bbox 614 2860 650 2902; x_wconf 70' lang='lat' dir='ltr'><strong>&#39;et</strong></span> <span class='ocrx_word' id='word_1_259' title='bbox 667 2865 757 2900; x_wconf 85' lang='lat' dir='ltr'><strong>rarum</strong></span> <span class='ocrx_word' id='word_1_260' title='bbox 776 2858 816 2898; x_wconf 87' lang='lat' dir='ltr'><strong>est</strong></span> <span class='ocrx_word' id='word_1_261' title='bbox 836 2847 915 2897; x_wconf 87' lang='lat' dir='ltr'><strong>etiam</strong></span> <span class='ocrx_word' id='word_1_262' title='bbox 930 2845 958 2895; x_wconf 88' lang='lat' dir='ltr'><strong>in</strong></span> <span class='ocrx_word' id='word_1_263' title='bbox 975 2838 1126 2893; x_wconf 84' lang='lat' dir='ltr'><strong>neotericis.</strong></span> 
     </span>
     <span class='ocr_line' id='line_1_30' title="bbox 74 2919 1128 2996; baseline -0.009 -17"><span class='ocrx_word' id='word_1_264' title='bbox 74 2930 147 2982; x_wconf 74' lang='lat' dir='ltr'><strong>aiore</strong></span> <span class='ocrx_word' id='word_1_265' title='bbox 161 2929 266 2982; x_wconf 87' lang='lat' dir='ltr'><strong>scilicet</strong></span> <span class='ocrx_word' id='word_1_266' title='bbox 281 2930 391 2982; x_wconf 86' lang='lat' dir='ltr'><strong>circulo.</strong></span> <span class='ocrx_word' id='word_1_267' title='bbox 406 2931 476 2982; x_wconf 87' lang='lat' dir='ltr'><strong>Serv.</strong></span> <span class='ocrx_word' id='word_1_268' title='bbox 489 2959 524 2968; x_wconf 92' lang='lat'><em>-</em></span> <span class='ocrx_word' id='word_1_269' title='bbox 534 2929 579 2981; x_wconf 83' lang='lat' dir='ltr'><strong>Se·</strong></span> <span class='ocrx_word' id='word_1_270' title='bbox 623 2927 696 2996; x_wconf 85' lang='lat' dir='ltr'><strong>Quid</strong></span> <span class='ocrx_word' id='word_1_271' title='bbox 709 2927 763 2978; x_wconf 87' lang='lat' dir='ltr'><strong>boc</strong></span> <span class='ocrx_word' id='word_1_272' title='bbox 777 2925 837 2976; x_wconf 88' lang='lat' dir='ltr'><strong>loco</strong></span> <span class='ocrx_word' id='word_1_273' title='bbox 850 2941 916 2975; x_wconf 84' lang='lat' dir='ltr'><strong>vane</strong></span> <span class='ocrx_word' id='word_1_274' title='bbox 928 2919 1074 2990; x_wconf 74' lang='lat' dir='ltr'><strong>significet,</strong></span> <span class='ocrx_word' id='word_1_275' title='bbox 1087 2933 1128 2970; x_wconf 83' lang='lat' dir='ltr'><strong>se·</strong></span> 
     </span>
     <span class='ocr_line' id='line_1_31' title="bbox 75 3000 1127 3081; baseline -0.013 -20"><span class='ocrx_word' id='word_1_276' title='bbox 75 3009 214 3080; x_wconf 70' lang='lat' dir='ltr'><strong>uniturque</strong></span> <span class='ocrx_word' id='word_1_277' title='bbox 231 3020 387 3081; x_wconf 77' lang='lat' dir='ltr'><strong>sequentem.</strong></span> <span class='ocrx_word' id='word_1_278' title='bbox 412 3011 512 3080; x_wconf 73' lang='lat' dir='ltr'><strong>Reges,</strong></span> <span class='ocrx_word' id='word_1_279' title='bbox 532 3009 578 3080; x_wconf 86' lang='lat' dir='ltr'><strong>qni</strong></span> <span class='ocrx_word' id='word_1_280' title='bbox 625 3000 1127 3080; x_wconf 77' lang='lat' dir='ltr'><strong>quentiademons&#39;traut,«frustraque</strong></span> 
     </span>
    </p>

    <p class='ocr_par' dir='ltr' id='par_1_9' title="bbox 8 3082 1128 3159">
     <span class='ocr_line' id='line_1_32' title="bbox 8 3082 1128 3159; baseline -0.009 -20"><span class='ocrx_word' id='word_1_281' title='bbox 8 3091 9 3112; x_wconf 65' lang='lat'>¹</span> <span class='ocrx_word' id='word_1_282' title='bbox 76 3086 131 3138; x_wconf 87' lang='lat' dir='ltr'><strong>fieri</strong></span> <span class='ocrx_word' id='word_1_283' title='bbox 140 3088 579 3159; x_wconf 86' lang='lat' dir='ltr'><strong>potuit,utCamilla,quumipsa</strong></span> <span class='ocrx_word' id='word_1_284' title='bbox 626 3089 722 3144; x_wconf 85' lang='lat' dir='ltr'><strong>animis</strong></span> <span class='ocrx_word' id='word_1_285' title='bbox 732 3085 802 3139; x_wconf 89' lang='lat' dir='ltr'><strong>elate</strong></span> <span class='ocrx_word' id='word_1_286' title='bbox 811 3082 1128 3154; x_wconf 80' lang='lat' dir='ltr'><strong>superbis-:possumus</strong></span> 
     </span>
    </p>

    <p class='ocr_par' dir='ltr' id='par_1_10' title="bbox 8 3157 1130 3238">
     <span class='ocr_line' id='line_1_33' title="bbox 8 3157 1130 3238; baseline -0.012 -20"><span class='ocrx_word' id='word_1_287' title='bbox 8 3215 9 3226; x_wconf 66' lang='grc'>,</span> <span class='ocrx_word' id='word_1_288' title='bbox 74 3168 194 3238; x_wconf 70' lang='lat' dir='ltr'><strong>fugeret,</strong></span> <span class='ocrx_word' id='word_1_289' title='bbox 205 3181 231 3220; x_wconf 88' lang='lat' dir='ltr'><strong>et</strong></span> <span class='ocrx_word' id='word_1_290' title='bbox 239 3168 313 3220; x_wconf 86' lang='lat' dir='ltr'><strong>illam</strong></span> <span class='ocrx_word' id='word_1_291' title='bbox 320 3165 477 3220; x_wconf 84' lang='lat' dir='ltr'><strong>Orsilochus</strong></span> <span class='ocrx_word' id='word_1_292' title='bbox 486 3185 580 3238; x_wconf 89' lang='lat' dir='ltr'><strong>seque·</strong></span> <span class='ocrx_word' id='word_1_293' title='bbox 625 3181 714 3220; x_wconf 83' lang='lat' dir='ltr'><strong>tamen</strong></span> <span class='ocrx_word' id='word_1_294' title='bbox 726 3165 771 3218; x_wconf 91' lang='lat' dir='ltr'><strong>hic</strong></span> <span class='ocrx_word' id='word_1_295' title='bbox 783 3176 809 3217; x_wconf 86' lang='lat' dir='ltr'><strong>et</strong></span> <span class='ocrx_word' id='word_1_296' title='bbox 821 3160 979 3215; x_wconf 85' lang='lat' dir='ltr'><strong>mendacem</strong></span> <span class='ocrx_word' id='word_1_297' title='bbox 989 3157 1130 3208; x_wconf 82' lang='lat' dir='ltr'><strong>veriusac-</strong></span> 
     </span>
    </p>

    <p class='ocr_par' dir='ltr' id='par_1_11' title="bbox 8 3236 1131 3878">
     <span class='ocr_line' id='line_1_34' title="bbox 8 3236 1129 3320; baseline -0.01 -21"><span class='ocrx_word' id='word_1_298' title='bbox 8 3237 9 3258; x_wconf 54' lang='lat'>¹</span> <span class='ocrx_word' id='word_1_299' title='bbox 76 3260 161 3315; x_wconf 88' lang='lat' dir='ltr'><strong>retur,</strong></span> <span class='ocrx_word' id='word_1_300' title='bbox 173 3248 281 3300; x_wconf 89' lang='lat' dir='ltr'><strong>dicatur</strong></span> <span class='ocrx_word' id='word_1_301' title='bbox 290 3248 366 3300; x_wconf 91' lang='lat' dir='ltr'><strong>illum</strong></span> <span class='ocrx_word' id='word_1_302' title='bbox 374 3247 580 3319; x_wconf 82' lang='lat' dir='ltr'><strong>sequiisubjicit</strong></span> <span class='ocrx_word' id='word_1_303' title='bbox 626 3249 730 3320; x_wconf 88' lang='lat' dir='ltr'><strong>cipere,</strong></span> <span class='ocrx_word' id='word_1_304' title='bbox 741 3245 804 3316; x_wconf 90' lang='lat' dir='ltr'><strong>quia</strong></span> <span class='ocrx_word' id='word_1_305' title='bbox 813 3245 863 3308; x_wconf 85' lang='lat' dir='ltr'><strong>ait,</strong></span> <span class='ocrx_word' id='word_1_306' title='bbox 877 3239 961 3292; x_wconf 75' lang='lat' dir='ltr'><strong>udum</strong></span> <span class='ocrx_word' id='word_1_307' title='bbox 970 3237 1063 3290; x_wconf 77' lang='lat' dir='ltr'><strong>fallere</strong></span> <span class='ocrx_word' id='word_1_308' title='bbox 1071 3236 1129 3288; x_wconf 87' lang='lat' dir='ltr'><strong>fata</strong></span> 
     </span>
     <span class='ocr_line' id='line_1_35' title="bbox 75 3317 1130 3399; baseline -0.01 -21"><span class='ocrx_word' id='word_1_309' title='bbox 75 3329 160 3393; x_wconf 90' lang='lat' dir='ltr'><strong>enim,</strong></span> <span class='ocrx_word' id='word_1_310' title='bbox 180 3351 192 3374; x_wconf 76' lang='grc' dir='ltr'><strong>α</strong></span> <span class='ocrx_word' id='word_1_311' title='bbox 204 3329 379 3398; x_wconf 89' lang='lat' dir='ltr'><strong>sequiturque</strong></span> <span class='ocrx_word' id='word_1_312' title='bbox 389 3339 554 3399; x_wconf 81' lang='lat' dir='ltr'><strong>sequentem.</strong></span> <span class='ocrx_word' id='word_1_313' title='bbox 566 3349 576 3373; x_wconf 74' lang='lat' dir='ltr'><strong>u</strong></span> <span class='ocrx_word' id='word_1_314' title='bbox 625 3327 749 3380; x_wconf 88' lang='lat' dir='ltr'><strong>sinebant</strong></span> <span class='ocrx_word' id='word_1_315' title='bbox 759 3345 787 3386; x_wconf 68' lang='grc' dir='ltr'><strong>»ς</strong></span> <span class='ocrx_word' id='word_1_316' title='bbox 798 3336 838 3389; x_wconf 91' lang='lat' dir='ltr'><strong>et,</strong></span> <span class='ocrx_word' id='word_1_317' title='bbox 851 3321 929 3373; x_wconf 65' lang='lat' dir='ltr'><strong>eNec</strong></span> <span class='ocrx_word' id='word_1_318' title='bbox 937 3317 1010 3371; x_wconf 85' lang='lat' dir='ltr'><strong>fraus</strong></span> <span class='ocrx_word' id='word_1_319' title='bbox 1021 3329 1046 3368; x_wconf 88' lang='lat' dir='ltr'><strong>te</strong></span> <span class='ocrx_word' id='word_1_320' title='bbox 1055 3317 1130 3368; x_wconf 87' lang='lat' dir='ltr'><strong>inco·</strong></span> 
     </span>
     <span class='ocr_line' id='line_1_36' title="bbox 76 3397 1129 3474; baseline -0.009 -17"><span class='ocrx_word' id='word_1_321' title='bbox 76 3404 179 3458; x_wconf 85' lang='lat' dir='ltr'><strong>Salutio</strong></span> <span class='ocrx_word' id='word_1_322' title='bbox 199 3417 241 3458; x_wconf 88' lang='lat' dir='ltr'><strong>est</strong></span> <span class='ocrx_word' id='word_1_323' title='bbox 257 3405 361 3459; x_wconf 78' lang='lat' dir='ltr'><strong>facilia:</strong></span> <span class='ocrx_word' id='word_1_324' title='bbox 381 3425 443 3458; x_wconf 88' lang='lat' dir='ltr'><strong>nam</strong></span> <span class='ocrx_word' id='word_1_325' title='bbox 461 3407 579 3467; x_wconf 63' lang='lat' dir='ltr'><strong>interium</strong></span> <span class='ocrx_word' id='word_1_326' title='bbox 625 3407 724 3460; x_wconf 87' lang='lat' dir='ltr'><strong>lumem</strong></span> <span class='ocrx_word' id='word_1_327' title='bbox 733 3404 825 3456; x_wconf 84' lang='lat' dir='ltr'><strong>fallaci</strong></span> <span class='ocrx_word' id='word_1_328' title='bbox 835 3401 1047 3474; x_wconf 81' lang='lat' dir='ltr'><strong>perferetAuno.</strong></span> <span class='ocrx_word' id='word_1_329' title='bbox 1059 3421 1070 3445; x_wconf 78' lang='grc' dir='ltr'>ι</span> <span class='ocrx_word' id='word_1_330' title='bbox 1082 3397 1129 3448; x_wconf 81' lang='lat' dir='ltr'><strong>Ni·</strong></span> 
     </span>
     <span class='ocr_line' id='line_1_37' title="bbox 76 3477 1128 3561; baseline -0.01 -23"><span class='ocrx_word' id='word_1_331' title='bbox 76 3501 157 3555; x_wconf 81' lang='lat' dir='ltr'><strong>quam</strong></span> <span class='ocrx_word' id='word_1_332' title='bbox 167 3487 240 3537; x_wconf 87' lang='lat' dir='ltr'><strong>enim</strong></span> <span class='ocrx_word' id='word_1_333' title='bbox 253 3485 299 3537; x_wconf 84' lang='lat' dir='ltr'><strong>illa</strong></span> <span class='ocrx_word' id='word_1_334' title='bbox 310 3483 433 3538; x_wconf 85' lang='lat' dir='ltr'><strong>breviore</strong></span> <span class='ocrx_word' id='word_1_335' title='bbox 446 3501 525 3536; x_wconf 87' lang='lat' dir='ltr'><strong>cursu</strong></span> <span class='ocrx_word' id='word_1_336' title='bbox 535 3503 581 3557; x_wconf 73' lang='lat' dir='ltr'><strong>gy·</strong></span> <span class='ocrx_word' id='word_1_337' title='bbox 625 3487 714 3561; x_wconf 75' lang='lat' dir='ltr'><strong>gidius</strong></span> <span class='ocrx_word' id='word_1_338' title='bbox 727 3483 760 3536; x_wconf 88' lang='lat' dir='ltr'><strong>de</strong></span> <span class='ocrx_word' id='word_1_339' title='bbox 772 3481 895 3554; x_wconf 77' lang='lat' dir='ltr'><strong>Sphaera:</strong></span> <span class='ocrx_word' id='word_1_340' title='bbox 912 3479 1001 3532; x_wconf 63' lang='lat' dir='ltr'><strong>attam</strong></span> <span class='ocrx_word' id='word_1_341' title='bbox 1011 3489 1038 3529; x_wconf 91' lang='lat' dir='ltr'><strong>et</strong></span> <span class='ocrx_word' id='word_1_342' title='bbox 1049 3477 1128 3550; x_wconf 80' lang='lat' dir='ltr'><strong>Ligu·</strong></span> 
     </span>
     <span class='ocr_line' id='line_1_38' title="bbox 76 3561 1130 3637; baseline -0.01 -21"><span class='ocrx_word' id='word_1_343' title='bbox 76 3565 582 3637; x_wconf 80' lang='lat' dir='ltr'><strong>rosduceretexsummeperitia,per·</strong></span> <span class='ocrx_word' id='word_1_344' title='bbox 627 3583 669 3618; x_wconf 86' lang='lat' dir='ltr'><strong>res</strong></span> <span class='ocrx_word' id='word_1_345' title='bbox 697 3563 743 3634; x_wconf 91' lang='lat' dir='ltr'><strong>qui</strong></span> <span class='ocrx_word' id='word_1_346' title='bbox 771 3561 943 3632; x_wconf 82' lang='lat' dir='ltr'><strong>Apenninum</strong></span> <span class='ocrx_word' id='word_1_347' title='bbox 973 3567 1130 3622; x_wconf 88' lang='lat' dir='ltr'><strong>tenuerunt,</strong></span> 
     </span>
     <span class='ocr_line' id='line_1_39' title="bbox 77 3638 1131 3722; baseline -0.009 -26"><span class='ocrx_word' id='word_1_348' title='bbox 77 3645 236 3717; x_wconf 84' lang='lat' dir='ltr'><strong>eisteretque</strong></span> <span class='ocrx_word' id='word_1_349' title='bbox 245 3643 359 3697; x_wconf 81' lang='lat' dir='ltr'><strong>velutin</strong></span> <span class='ocrx_word' id='word_1_350' title='bbox 370 3657 462 3722; x_wconf 75' lang='lat' dir='ltr'><strong>centra</strong></span> <span class='ocrx_word' id='word_1_351' title='bbox 473 3645 581 3711; x_wconf 86' lang='lat' dir='ltr'><strong>circuli,</strong></span> <span class='ocrx_word' id='word_1_352' title='bbox 598 3665 600 3674; x_wconf 67' lang='lat'><strong><em>¹</em></strong></span> <span class='ocrx_word' id='word_1_353' title='bbox 626 3645 745 3698; x_wconf 83' lang='lat' dir='ltr'><strong>latrones</strong></span> <span class='ocrx_word' id='word_1_354' title='bbox 757 3639 893 3706; x_wconf 87' lang='lat' dir='ltr'><strong>insidiosi,</strong></span> <span class='ocrx_word' id='word_1_355' title='bbox 912 3638 1039 3705; x_wconf 80' lang='lat' dir='ltr'><strong>fallaces,</strong></span> <span class='ocrx_word' id='word_1_356' title='bbox 1056 3653 1131 3689; x_wconf 85' lang='lat' dir='ltr'><strong>men·</strong></span> 
     </span>
     <span class='ocr_line' id='line_1_40' title="bbox 78 3722 828 3790; baseline -0.013 -10"><span class='ocrx_word' id='word_1_357' title='bbox 78 3729 179 3780; x_wconf 82' lang='lat' dir='ltr'><strong>iactum</strong></span> <span class='ocrx_word' id='word_1_358' title='bbox 193 3727 360 3790; x_wconf 83' lang='lat' dir='ltr'><strong>necessario,</strong></span> <span class='ocrx_word' id='word_1_359' title='bbox 372 3737 402 3776; x_wconf 91' lang='lat' dir='ltr'><strong>ut</strong></span> <span class='ocrx_word' id='word_1_360' title='bbox 414 3723 521 3777; x_wconf 85' lang='lat' dir='ltr'><strong>tandem</strong></span> <span class='ocrx_word' id='word_1_361' title='bbox 534 3723 581 3776; x_wconf 88' lang='lat' dir='ltr'><strong>ali·</strong></span> <span class='ocrx_word' id='word_1_362' title='bbox 628 3723 715 3776; x_wconf 85' lang='lat' dir='ltr'><strong>daces.</strong></span> <span class='ocrx_word' id='word_1_363' title='bbox 730 3745 741 3768; x_wconf 75' lang='lat' dir='ltr'><em>n</em></span> <span class='ocrx_word' id='word_1_364' title='bbox 758 3722 828 3774; x_wconf 82' lang='lat' dir='ltr'><strong>Seru.</strong></span> 
     </span>
     <span class='ocr_line' id='line_1_41' title="bbox 81 3793 1129 3878; baseline -0.012 -19"><span class='ocrx_word' id='word_1_365' title='bbox 81 3805 188 3878; x_wconf 89' lang='lat' dir='ltr'><strong>qnando</strong></span> <span class='ocrx_word' id='word_1_366' title='bbox 203 3815 361 3874; x_wconf 78' lang='lat' dir='ltr'><strong>sequeretur</strong></span> <span class='ocrx_word' id='word_1_367' title='bbox 374 3817 538 3874; x_wconf 89' lang='lat' dir='ltr'><strong>sequentem.</strong></span> <span class='ocrx_word' id='word_1_368' title='bbox 554 3805 580 3855; x_wconf 87' lang='lat' dir='ltr'><strong>C.</strong></span> <span class='ocrx_word' id='word_1_369' title='bbox 664 3803 724 3871; x_wconf 87' lang='lat'><strong>718.</strong></span> <span class='ocrx_word' id='word_1_370' title='bbox 752 3799 900 3851; x_wconf 84' lang='lat' dir='ltr'><strong>Pernicibus</strong></span> <span class='ocrx_word' id='word_1_371' title='bbox 921 3797 999 3869; x_wconf 81' lang='lat' dir='ltr'><strong>iqnea</strong></span> <span class='ocrx_word' id='word_1_372' title='bbox 1023 3793 1129 3866; x_wconf 84' lang='lat' dir='ltr'><strong>plantis.</strong></span> 
     </span>
    </p>

    <p class='ocr_par' dir='ltr' id='par_1_12' title="bbox 81 3877 1200 4122">
     <span class='ocr_line' id='line_1_42' title="bbox 114 3877 1132 3958; baseline -0.013 -18"><span class='ocrx_word' id='word_1_373' title='bbox 114 3886 174 3957; x_wconf 80' lang='lat'>7¹⁵·</span> <span class='ocrx_word' id='word_1_374' title='bbox 191 3885 219 3940; x_wconf 87' lang='lat' dir='ltr'><em>V</em></span> <span class='ocrx_word' id='word_1_375' title='bbox 214 3903 265 3937; x_wconf 85' lang='lat' dir='ltr'><strong>aue</strong></span> <span class='ocrx_word' id='word_1_376' title='bbox 271 3885 357 3958; x_wconf 76' lang='lat' dir='ltr'><strong>bique.</strong></span> <span class='ocrx_word' id='word_1_377' title='bbox 366 3885 419 3936; x_wconf 79' lang='lat' dir='ltr'><strong>Aut</strong></span> <span class='ocrx_word' id='word_1_378' title='bbox 430 3883 526 3950; x_wconf 78' lang='lat' dir='ltr'><strong>fallax,</strong></span> <span class='ocrx_word' id='word_1_379' title='bbox 535 3897 580 3935; x_wconf 82' lang='lat' dir='ltr'><strong>aut</strong></span> <span class='ocrx_word' id='word_1_380' title='bbox 627 3879 871 3933; x_wconf 80' lang='lat' dir='ltr'><strong>Modovelocibus:</strong></span> <span class='ocrx_word' id='word_1_381' title='bbox 885 3877 950 3930; x_wconf 88' lang='lat' dir='ltr'><strong>alias</strong></span> <span class='ocrx_word' id='word_1_382' title='bbox 960 3893 1132 3947; x_wconf 83' lang='lat' dir='ltr'><strong>perseveran-</strong></span> 
     </span>
     <span class='ocr_line' id='line_1_43' title="bbox 81 3954 1131 4035; baseline -0.013 -15"><span class='ocrx_word' id='word_1_383' title='bbox 81 3969 194 4020; x_wconf 87' lang='lat' dir='ltr'><strong>inaniter</strong></span> <span class='ocrx_word' id='word_1_384' title='bbox 200 3967 320 4035; x_wconf 78' lang='lat' dir='ltr'><strong>jactans3</strong></span> <span class='ocrx_word' id='word_1_385' title='bbox 330 3981 393 4016; x_wconf 86' lang='lat' dir='ltr'><strong>nam</strong></span> <span class='ocrx_word' id='word_1_386' title='bbox 405 3982 496 4028; x_wconf 86' lang='lat' dir='ltr'><strong>uanus,</strong></span> <span class='ocrx_word' id='word_1_387' title='bbox 511 3962 579 4015; x_wconf 82' lang='lat' dir='ltr'><strong>stul·</strong></span> <span class='ocrx_word' id='word_1_388' title='bbox 626 3963 714 4016; x_wconf 85' lang='lat' dir='ltr'><strong>tibus:</strong></span> <span class='ocrx_word' id='word_1_389' title='bbox 725 3979 787 4014; x_wconf 87' lang='lat' dir='ltr'><strong>num</strong></span> <span class='ocrx_word' id='word_1_390' title='bbox 795 3959 891 4032; x_wconf 82' lang='lat' dir='ltr'><strong>pernix</strong></span> <span class='ocrx_word' id='word_1_391' title='bbox 901 3955 1034 4009; x_wconf 87' lang='lat' dir='ltr'><strong>interdum</strong></span> <span class='ocrx_word' id='word_1_392' title='bbox 1047 3954 1131 4034; x_wconf 72' lang='lat' dir='ltr'><strong>uelox,</strong></span> 
     </span>
     <span class='ocr_line' id='line_1_44' title="bbox 83 4033 1200 4122; baseline -0.014 -23"><span class='ocrx_word' id='word_1_393' title='bbox 83 4061 136 4116; x_wconf 81' lang='lat' dir='ltr'><strong>tos,</strong></span> <span class='ocrx_word' id='word_1_394' title='bbox 147 4047 311 4122; x_wconf 85' lang='lat' dir='ltr'><strong>posteriores</strong></span> <span class='ocrx_word' id='word_1_395' title='bbox 323 4044 414 4102; x_wconf 88' lang='lat' dir='ltr'><strong>dicere</strong></span> <span class='ocrx_word' id='word_1_396' title='bbox 423 4056 577 4117; x_wconf 84' lang='lat' dir='ltr'><strong>coeperunt:</strong></span> <span class='ocrx_word' id='word_1_397' title='bbox 624 4040 757 4096; x_wconf 79' lang='lat' dir='ltr'><strong>interdum</strong></span> <span class='ocrx_word' id='word_1_398' title='bbox 768 4055 930 4112; x_wconf 72' lang='lat' dir='ltr'><strong>perseverans</strong></span> <span class='ocrx_word' id='word_1_399' title='bbox 938 4033 1090 4109; x_wconf 73' lang='lat' dir='ltr'><strong>significat,</strong></span> <span class='ocrx_word' id='word_1_400' title='bbox 1103 4045 1135 4088; x_wconf 77' lang='lat' dir='ltr'><strong>ut</strong></span> <span class='ocrx_word' id='word_1_401' title='bbox 1197 4043 1200 4049; x_wconf 90' lang='lat'><em>·</em></span> 
     </span>
    </p>
   </div>
   <div class='ocr_carea' id='block_1_7' title="bbox 0 0 1370 4588">
    <p class='ocr_par' dir='ltr' id='par_1_13' title="bbox 0 0 1370 4588">
     <span class='ocr_line' id='line_1_45' title="bbox 0 0 1370 4588; baseline 0 0"><span class='ocrx_word' id='word_1_402' title='bbox 0 0 1370 4588; x_wconf 95' lang='lat' dir='ltr'><strong> </strong></span> 
     </span>
    </p>
   </div>
  </div>
 </body>
</html>
