2704 4582
187 333 191 342 '
247 321 307 388 150
569 317 949 385 COMMENTARIA

98 525 102 532 ⁸
168 447 177 464 '
244 455 467 518 maturatam,
486 441 516 501 id
532 445 753 518 est,vestirent
767 461 891 530 quoque
905 451 1056 512 armatae
1070 453 1230 503 truncum
1249 435 1314 498 ali-

245 550 353 613 quem,
372 535 396 592 si
409 544 484 592 esset
494 551 550 614 par
566 543 655 606 aetas,
674 543 731 612 par
743 529 855 606 robur,
871 543 925 591 aut
942 533 1024 608 nati,
1044 545 1096 591 aut
1112 533 1179 590 mei
1198 547 1313 614 quam

242 621 289 680 tui
302 641 309 678 ε
324 635 369 680 est
380 623 481 680 statim
494 619 531 679 ad
543 618 693 700 Trojanos
706 639 886 694 conversus,
901 617 974 701 qaid
982 639 1032 680 vos
1043 617 1080 678 ab
1090 621 1187 678 amnis
1199 615 1314 676 demo-

246 707 314 768 νῦν)
331 710 388 784 ite,
403 719 432 768 et
443 707 574 790 perferte
585 707 660 787 Regi
674 720 773 766 vestro
788 706 934 766 mandata
946 705 1012 766 haec
1024 727 1102 766 mea.

289 801 536 881 177.Sequuntur
548 795 693 856 mandata
702 795 740 855 ad
750 795 882 856 AEnean:
897 795 1115 878 abrumperem
1124 794 1244 854 statim
1258 791 1311 848 vi-

245 897 326 964 tam,
342 909 410 970 quae
421 887 498 948 mihi
505 885 569 970 jam
581 887 680 946 invisa
694 883 835 948 Pallante
846 885 1023 964 interfecto,
1034 885 1085 946 sed
1100 897 1153 944 tua
1168 883 1313 944 dextera

246 989 276 1036 et
292 977 401 1054 virtus,
421 999 440 1038 o
457 977 565 1050 AEuea‚
583 975 676 1051 iacit,
696 987 732 1034 ut
748 995 850 1036 morer
866 973 968 1035 adhuc
985 977 1017 1034 in
1034 978 1114 1050 vita3
1134 993 1215 1034 nam
1237 993 1313 1054 spes

246 1061 324 1123 mihi
338 1079 486 1146 concepta
501 1078 545 1124 est
558 1061 640 1137 fore,
656 1075 691 1120 ut
705 1075 734 1120 te
747 1063 867 1121 videam
884 1065 947 1122 nati
963 1065 1025 1124 mei
1038 1063 1173 1130 ultorem
1187 1059 1311 1119 :vides

247 1153 331 1211 enim
343 1153 483 1213 Turnum
496 1151 635 1210 debitum
651 1171 712 1210 esse
721 1151 913 1231 (acepsimam)
924 1149 998 1210 milri
1011 1164 1040 1210 et
1051 1165 1146 1211 nato:
1160 1149 1212 1209 hic
1222 1145 1311 1208 solus

246 1239 325 1302 locus
338 1256 423 1303 vacat
441 1241 507 1316 tibi,
528 1241 560 1299 id
580 1251 639 1315 est,
661 1237 784 1298 relictus
803 1237 921 1300 esttibi
940 1239 979 1300 ad
999 1243 1108 1301 merita
1121 1253 1176 1298 tua
1194 1240 1231 1296 in
1255 1256 1311 1295 me

246 1329 402 1409 augenda,
418 1329 497 1389 etad
511 1327 672 1387 fortunam
685 1345 804 1385 meam:
820 1329 908 1409 quasi
924 1327 1019 1404 dicat3
1039 1326 1129 1387 nullo
1143 1345 1195 1384 me
1210 1335 1311 1406 potes

244 1415 363 1498 majore
377 1421 487 1478 merito
503 1413 610 1492 heare,
625 1415 712 1476 nulla
725 1413 842 1496 majore
852 1414 994 1486 fortuna,
1010 1439 1104 1500 quam
1117 1417 1141 1477 si
1152 1419 1310 1476 Turnum

245 1509 428 1568 interficias:
451 1507 538 1582 nulla
552 1508 636 1565 enim
652 1505 712 1563 alia
726 1527 825 1588 quaem
837 1507 901 1565 uitoe
914 1505 1041 1588 paudia3
1060 1505 1175 1567 deinde
1187 1506 1311 1590 necfas

245 1611 291 1656 est
304 1617 352 1658 me
365 1615 514 1680 quaerere,
531 1597 584 1676 qui
600 1595 750 1677 spondam
766 1595 838 1654 Orci
853 1615 941 1678 paene
957 1597 1053 1677 attigi.
1068 1599 1208 1656 Tantum
1225 1595 1308 1654 volo

245 1685 368 1768 perferre
380 1700 450 1746 nato
461 1682 572 1766 pendia
581 1681 634 1744 sub
647 1685 719 1743 imos
731 1703 844 1756 manes,
857 1687 1003 1743 nuntium
1015 1683 1131 1744 scilicet
1142 1681 1308 1743 interfecti

245 1777 353 1834 Turni.
763 1812 768 1822 ·
802 1845 804 1849 ,

298 1861 362 1920 182.
382 1857 470 1920 Redit
489 1859 527 1918 ad
547 1861 743 1935 institutum,
764 1853 858 1920 debes
873 1863 954 1920 enirn
967 1857 1034 1922 haec
1048 1875 1212 1921 annectere
1226 1882 1306 1921 cum

248 1969 340 2010 versu
358 1947 413 2008 illo
434 1947 506 2024 1383
524 1952 588 2009 Nec
602 1947 738 2031 plaustris
753 1963 865 2010 cessant
874 1964 983 2012 vectare
998 1950 1178 2034 qementibus
1192 1972 1307 2010 omos:

250 2059 324 2097 nam
344 2056 413 2118 quae
432 2038 589 2118 pertinent
605 2037 642 2096 ad
659 2036 775 2096 luctum
791 2037 942 2116 Evandri,
962 2038 1098 2120 subjecta
1121 2052 1194 2098 sunt
1212 2037 1308 2096 velut

249 2149 306 2210 per
313 2124 521 2210 parenthesin.
531 2125 611 2185 Scias
620 2127 711 2185 etiam
720 2128 751 2186 iu
761 2121 820 2188 hoc
828 2125 909 2188 lihro
918 2127 982 2187 dies
992 2129 1132 2210 quinque
1141 2127 1290 2210 impendi
1302 2150 1308 2184 :

249 2215 283 2274 in
292 2211 735 2298 primoexcitaturtroplraeum
743 2213 902 2290 Mezentii3
913 2213 1309 2298 lugeturPalla530rnatur

249 2301 314 2386 ejus
329 2303 495 2377 feretrum
514 2306 649 2364 mittitur
665 2303 704 2364 ad
724 2319 842 2386 patrem
856 2321 862 2363 t
883 2307 917 2364 in
934 2305 1032 2365 altero
1048 2305 1130 2364 fiunt
1148 2305 1307 2384 exsequiae

248 2391 394 2468 illorum,
416 2395 471 2474 qui
488 2391 640 2454 interfecti
659 2406 825 2453 narrantur
840 2393 922 2453 libro
939 2393 1074 2468 decimo,
1094 2405 1208 2452 tamer
1224 2391 1307 2450 Tro·

247 2481 346 2564 junia,
362 2501 455 2562 quam
471 2501 505 2542 ex
517 2473 654 2542 Latinis:
669 2497 741 2564 post
753 2483 818 2544 dies
831 2495 891 2543 tres
905 2481 940 2542 fit
954 2481 1132 2564 ossilegiurir
1148 2493 1305 2540 cremato-

249 2589 320 2631 rum
334 2569 537 2644 eadaverum3
557 2573 633 2630 etin
651 2583 785 2630 extremo
798 2569 912 2631 horum
924 2573 1018 2630 trium
1035 2571 1071 2629 fit
1082 2568 1256 2629 concilium
1270 2569 1305 2626 in

251 2657 369 2717 aedihus
380 2659 498 2732 Latini,
517 2670 545 2716 et
555 2660 712 2739 peragitur
722 2661 849 2720 bellum.
862 2661 917 2722 Sed
927 2659 992 2742 jam
1004 2659 1041 2719 ad
1054 2681 1117 2719 rem
1130 2682 1137 2718 :
1154 2653 1305 2718 describit
1342 2667 1343 2672 ’

250 2745 378 2806 Aurorae
391 2745 574 2824 adventum,
590 2769 659 2828 quae
676 2747 774 2810 lucem
789 2751 891 2810 attulit
908 2747 1092 2823 mortalibus,
1113 2751 1252 2830 signate3
1274 2757 1304 2805 et

250 2835 374 2908 miseris,
399 2835 471 2914 quia
487 2834 611 2918 referens
626 2855 714 2917 opera
728 2851 814 2920 atque
832 2836 949 2898 labores.
968 2839 1083 2898 Annon
1099 2835 1165 2896 haec
1183 2855 1303 2916 magna

250 2921 395 2982 miseria?
746 2909 752 2932 ’

295 3007 360 3086 184.
382 3011 490 3072 AEneas
510 3031 581 3070 suos
601 3027 688 3072 curat
704 3013 872 3095 Trojanos3
892 3013 1034 3076 Tarchon
1049 3033 1121 3073 suos
1136 3012 1302 3085 Etruscos;

176 3136 179 3144 ι
251 3108 280 3157 et
301 3100 450 3180 relinquit
472 3097 709 3179 intelligendum
730 3108 796 3162 κατὰ
816 3111 999 3184 σιωπώμενον,
1026 3099 1158 3162 Arcadas
1177 3111 1301 3160 curatos

251 3188 370 3246 mistim
384 3187 422 3244 ab
440 3189 535 3246 AEnea
554 3202 584 3246 et
597 3189 786 3270 Tarchonte,
809 3195 924 3276 quippe
938 3207 1062 3254 mortuo
1077 3190 1236 3252 Pallante:
1253 3202 1300 3247 at·

290 3317 347 3368 180.
369 3319 430 3369 Noa
452 3320 511 3370 vitre
532 3320 629 3391 pendia
655 3337 750 3392 quaero.
798 3341 877 3395 quern
893 3344 994 3396 ponere
1011 3335 1103 3394 aptum
1123 3319 1299 3393 praesentibus

251 3395 312 3444 Non
323 3393 500 3450 delectatione
511 3398 578 3450 lucis
589 3400 665 3450 istius
675 3402 750 3450 vivo:
797 3402 891 3469 rebus,
905 3417 934 3456 ut
946 3405 1085 3456 hocloco:
1100 3405 1164 3474 quia
1173 3403 1300 3452 funerum

250 3492 301 3532 nec
314 3476 354 3526 fas
367 3487 406 3526 est
418 3493 556 3548 superesse
569 3479 692 3532 orbatum
704 3479 752 3532 tali
798 3495 824 3534 et
839 3485 1039 3555 sepulturarum
1056 3501 1099 3534 res
1117 3485 1214 3556 agitur,
1232 3479 1297 3530 dicit

250 3551 306 3604 filio
319 3565 437 3630 patrem:
450 3555 495 3606 sed
506 3569 534 3606 ut
543 3560 657 3608 nuncius
666 3559 700 3609 ad
710 3562 752 3610 lu·
797 3561 930 3613 extulerat.
942 3563 1007 3614 item
1019 3563 1046 3612 in
1060 3574 1169 3631 quarto,
1184 3560 1245 3630 quia
1256 3569 1295 3608 est

251 3631 324 3683 feros
340 3651 462 3702 pergam,
473 3653 504 3685 ac
514 3635 626 3687 Pallanti
637 3637 753 3690 referam
796 3642 969 3712 navigaturus
984 3641 1095 3705 Encas,
1109 3653 1140 3700 ,et
1157 3639 1293 3691 relicturus

250 3712 362 3784 paudia3
372 3726 397 3761 et
406 3724 523 3782 optatam
534 3715 567 3766 ab
576 3716 652 3770 hoste
662 3735 752 3790 sump·
795 3719 937 3788 Didonem,
946 3720 1023 3772 dicit:
1036 3719 1165 3770 «Tithoni
1173 3733 1293 3770 croceum

252 3801 307 3842 tarn
321 3788 473 3842 vindictam.
486 3793 582 3844 Donat.
795 3799 1032 3869 linquensdurora
1040 3799 1138 3852 cubile.
1150 3823 1160 3846 a
1175 3795 1251 3866 Quod
1261 3795 1293 3845 li·

292 3869 349 3921 183.
372 3871 508 3922 Extalcrat
527 3872 619 3926 lacem.
644 3875 750 3928 Asinius
796 3873 1011 3950 cetsuperiluum
1028 3879 1215 3947 sit‚tamenin
1228 3871 1292 3926 mul-

252 3948 336 4000 Pollio
359 3947 423 4000 dicit
444 3951 543 4021 ubique
565 3954 703 4024 Virgilium
724 3959 750 4008 in
795 3959 828 4008 tis
841 3957 907 4009 loeis
922 3960 1056 4012 invenitur
1068 3957 1252 4012 necessarium.
1263 3953 1290 4005 S.

253 4026 307 4080 diei
328 4027 507 4101 descriptione
531 4049 680 4086 sermonem
703 4036 751 4088 ali·
795 4037 873 4090 Lacr.
884 4039 921 4100 V;
933 4052 959 4091 et
970 4039 1096 4092 Manilius
1107 4039 1153 4090 lih.
1166 4039 1184 4088 1.
