2726 4592
390 277 736 350 urscsrmrro.
1023 293 1086 381 339

30 403 235 484 observasse,
247 419 283 468 ut
297 427 416 489 campus
430 405 509 470 rudis
521 427 538 466 a
553 404 686 487 Virgilio
702 406 801 471 dictus
815 424 862 472 est
874 412 928 492 qui
943 415 1087 474 nondum

31 502 214 585 proscissus
226 518 352 558 vomere
364 509 479 577 segetes
491 496 594 558 nullas
607 494 758 571 reddidit3
774 499 816 562 ita
829 500 943 585 stylum
955 503 1019 564 dici
1033 527 1086 564 ru.

32 594 126 667 dem,
141 592 196 672 qui
207 610 264 649 usu
276 587 627 664 nomanatissimus,
640 586 721 650 nihil
732 590 872 670 prodidit
884 593 967 676 quod
978 596 1011 654 in
1023 616 1089 655 ma·

33 703 99 742 nus
113 679 283 740 homiuum
296 678 423 738 venerit.
437 677 508 754 Quo
521 697 611 740 seusu
623 677 759 740 Culicem
767 678 871 742 dateor
883 687 997 744 summi
1008 687 1087 746 vatis

34 769 138 830 fuisse
153 767 378 826 rudimentum.

78 855 239 916 Admonet
253 875 302 912 me
315 851 468 916 Martialis
481 813 692 928 hunniensis,
713 867 749 916 ιιι
763 852 894 918 alterum
909 854 950 936 (ι)
967 857 1031 939 ejus
1050 855 1089 918 de

36 947 219 1029 virgiliano
231 944 336 1004 Culice
349 964 473 1006 versum
482 943 626 1032 letiferam.

149 1088 249 1159 Accipe
261 1085 372 1139 facundi
383 1083 516 1154 Culicem,
529 1085 661 1154 studiose,
673 1083 801 1140 Maronis
856 1157 859 1166 Ι

38 1220 219 1303 Legebatur
231 1240 303 1300 ergo
319 1240 336 1280 a
350 1217 500 1281 studiosis
513 1219 623 1292 Culex,
645 1232 676 1280 et
689 1241 707 1280 a
721 1221 837 1302 poetis,
855 1237 892 1280 ut
906 1224 949 1282 ait
962 1223 1091 1300 Statius,

38 1323 172 1393 poetam
183 1307 363 1389 alloquens:
376 1305 505 1368 Culicem
518 1305 653 1388 lapicius,-
664 1321 696 1366 et
705 1306 864 1389 legebatur
874 1308 1092 1384 Satunaalibus,

38 1399 155 1479 optimo
175 1395 296 1455 dierum.
314 1394 353 1452 At
365 1395 434 1473 quis
447 1415 530 1455 nuuc
544 1404 650 1475 poeta,
672 1394 811 1455 stlatiue
823 1399 935 1473 sciens,
955 1397 1090 1458 Culicem
1159 1404 1161 1412 ¹

41 1489 147 1567 legat,
158 1506 224 1545 non
236 1484 308 1544 dico
321 1503 392 1544 cum
404 1483 578 1565 voluptate,
591 1483 646 1544 sed
658 1486 728 1545 sine
736 1488 822 1567 gravi
835 1485 980 1547 fastidio?

84 1579 126 1636 At
142 1575 319 1635 multisunt
336 1575 397 1634 loci
415 1576 447 1636 in
465 1573 588 1649 Guliee,
607 1595 673 1635 non
690 1587 813 1638 tantum
829 1591 947 1652 versus,
967 1597 1046 1658 quos
1061 1579 1095 1636 in

43 1667 109 1726 alia
129 1686 188 1724 sua
204 1685 299 1745 opera
318 1663 449 1722 immisit
466 1663 616 1743 Virgilius
633 1663 806 1724 limatiores
822 1677 853 1725 et
869 1667 968 1746 magis
984 1665 1095 1726 factos·

44 1755 147 1812 Acute
159 1750 278 1810 dictum
290 1773 296 1808 :
310 1771 377 1810 non
389 1751 474 1810 enim
490 1749 658 1831 compilare
669 1753 836 1834 Virgilium
849 1756 953 1834 potuit
964 1755 1097 1814 sarcina-

44 1858 97 1902 tor
117 1839 284 1915 harbarus‚
306 1853 343 1900 ut
363 1840 466 1900 solent
485 1843 589 1921 pueri,
609 1859 697 1924 quos,
710 1841 852 1902 videmus
869 1841 987 1924 placere
1004 1861 1098 1923 supra
1163 1856 1165 1866 ’

45 1929 183 1990 modum
203 1930 286 2010 ipsos
307 1929 382 2005 sibi,
406 1949 504 2011 quum
527 1930 629 1990 bonos
651 1949 757 1992 versus
778 1931 1043 2008 contaminarem,
1069 1941 1099 1989 et

46 2025 160 2102 inepta
173 2019 341 2096 assuendo,
353 2020 453 2080 fecere
465 2023 626 2102 pessimus.

87 2113 288 2170 Pervetustus
304 2123 400 2170 exstat
413 2129 510 2170 manu
525 2108 694 2191 descriptus
708 2112 818 2186 codex,
839 2129 932 2192 quem
947 2134 964 2171 a
979 2112 1099 2173 Joanue

46 2203 198 2260 Lacurna
216 2197 267 2262 ul.
291 2199 456 2259 Salmasius
478 2198 649 2260 habuerat:
670 2199 734 2260 illic
757 2200 862 2260 videre
882 2213 928 2260 est
948 2197 1100 2281 quosdam

47 2290 163 2350 vixisse
175 2286 233 2346 sub
245 2287 458 2348 Vandalorum
469 2310 539 2370 rege
550 2287 787 2348 Thrasamundo
802 2291 835 2347 in
845 2288 946 2348 Africa
958 2287 1101 2366 ingenio-

48 2398 101 2440 sos
121 2373 243 2435 scilicet
262 2373 405 2435 homines
425 2389 518 2456 atque
536 2375 700 2451 delicatus,
721 2378 775 2456 qui
793 2387 945 2435 certarent
962 2371 1101 2432 suffarci-

48 2465 171 2528 uandis
182 2463 309 2524 horride
320 2465 503 2546 Virgilianis
516 2465 655 2524 versibus
666 2478 757 2545 atque
770 2463 940 2523 sententiis.
951 2465 1031 2522 Eum
1043 2483 1100 2542 ego

49 2554 197 2616 codicem
217 2554 337 2614 versavi
358 2554 429 2630 diu,
450 2569 481 2613 et
499 2565 673 2613 monstrosa
695 2549 836 2612 Gothicae
855 2550 921 2630 ejus
943 2551 1102 2631 elegantiae

50 2643 230 2726 specimina
247 2641 313 2702 vidi
328 2644 402 2702 satis
420 2643 534 2717 multa3
553 2654 645 2722 atque
664 2644 697 2699 in
712 2640 773 2700 illis
787 2635 955 2725 Virgilium
972 2639 1101 2719 agnovi,

54 2747 90 2794 ut
104 2735 141 2794 in
156 2731 273 2792 Culice.

512 2910 652 2930 *unna-uh

106 3116 167 3191 ΙΝ
183 3113 426 3190 CULICEM
440 3108 684 3187 VlRGlLlO
704 3095 1060 3198 SUPPOSITUM‚

378 3335 793 3436 nunnucasvumru.
819 3323 830 3343 *¹

224 3546 247 3630 Ῑ
260 3589 356 3644 nuuc,
368 3570 379 3627 i
393 3588 449 3649 per
460 3569 518 3626 iter
528 3553 769 3636 tenebricosum,

224 3657 313 3716 Putri
325 3669 397 3715 nate
409 3655 505 3715 Culex
517 3653 615 3714 Gothi
628 3649 770 3725 cerebro,

225 3747 376 3806 Coenosos
388 3745 479 3804 Erebi
491 3745 575 3804 lacus
587 3742 701 3802 revise:

225 3836 298 3896 Non
309 3855 341 3895 es
353 3834 407 3894 ille
419 3833 515 3896 Culex
526 3835 587 3898 mei
595 3830 746 3893 Maronis.

98 4019 139 4090 (ι)
150 4017 206 4070 Lib.
221 4015 289 4080 XII,
302 4016 392 4086 Epigr.
410 4012 466 4065 185.
