2726 4592
275 315 337 403 276
576 307 695 403 frus.
719 313 790 374 cn.
814 311 1006 379 nonarr

271 442 348 502 meri
361 437 533 498 carminum
547 434 662 508 instar,
677 445 823 513 preterea
837 436 1018 496 nominibus
1033 455 1068 495 ac
1081 435 1174 495 rebus
1191 437 1303 498 Graecis

271 531 449 608 Latinisque
459 543 641 596 commune,
653 538 684 580 et
696 524 728 580 in
742 545 820 602 quo,
833 525 917 603 quod
931 526 1063 585 maxime
1076 525 1236 602 studebat,
1249 529 1305 586 Ro·

270 640 372 680 manae
386 615 477 676 simul
494 611 580 674 urbis
590 625 621 672 et
635 615 762 692 Augusti
775 614 863 692 origo
878 616 1100 676 contineretur.

218 705 253 757 33
311 707 362 764 ΙΧ.
381 704 485 778 Quum
503 700 654 778 Georgica
669 697 832 772 scriberet,
844 699 977 759 traditur
989 697 1130 781 quotidie
1142 703 1303 763 meditatos

254 813 361 852 ¹manc
375 790 525 872 plurimos
540 807 644 846 versus
656 785 771 846 dictare
789 785 913 862 solitus,
928 809 962 846 ac
974 809 1029 868 per
1040 801 1142 848 totum
1162 790 1246 849 diem
1262 809 1302 848 re-

269 875 430 940 tractando
452 876 489 934 ad
506 875 709 956 paucissimos
727 872 880 952 redigere,
902 896 967 934 non
985 877 1116 937 absurde
1133 899 1259 938 carmen
1276 897 1304 936 se

269 989 348 1029 ursse
370 987 455 1024 more
476 985 583 1046 parere
605 964 726 1034 dicens,
749 979 776 1022 et
803 961 971 1024 lambendo
997 965 1124 1026 demum
1150 967 1303 1047 effingere.

216 1063 251 1130 34
270 1056 396 1118 AEneida
413 1075 503 1138 prosa
518 1055 605 1135 prius
619 1055 760 1111 oratione
777 1052 962 1129 formatam,
978 1053 1191 1136 digestamque
1207 1058 1240 1115 in
1252 1055 1304 1115 Xll

256 1148 377 1219 libros,
392 1141 600 1224 particulatim
614 1161 803 1220 componere
818 1142 966 1215 instituit,
979 1157 1014 1201 ut
1026 1143 1154 1224 quidam
1170 1143 1304 1204 tradunt.

215 1240 248 1293 35
266 1237 325 1296 Alii
339 1233 402 1314 ejus
413 1233 572 1290 sententias
585 1244 672 1302 sunt,
687 1245 721 1288 ut
735 1231 925 1302 existiment,
939 1250 1026 1303 eum,
1039 1233 1065 1289 si
1080 1231 1199 1292 diutius
1218 1234 1305 1291 vixis·

266 1336 324 1396 set,
337 1335 472 1402 quatuor
482 1332 513 1376 et
524 1318 635 1396 viginti
649 1314 745 1374 libros
758 1337 856 1396 usque
870 1316 909 1376 ad
922 1319 1048 1396 Augusti
1061 1333 1204 1400 tempora
1216 1322 1305 1400 scrip-

164 1402 165 1410 ἵ
264 1425 389 1482 turum,
404 1422 497 1489 atque
513 1405 572 1464 alia
586 1403 727 1486 quaedam
740 1426 975 1484 percursurum3
991 1409 1120 1486 Augusti
1135 1429 1207 1468 vero
1225 1423 1306 1489 gesta

265 1497 502 1579 diligentissime
519 1505 755 1552 exsecuturum:
776 1495 894 1574 quippe
911 1495 980 1574 qui,
998 1493 1075 1552 dum
1089 1497 1252 1570 scriberet,
1268 1517 1303 1555 ne

264 1586 341 1668 quid
354 1588 505 1664 impetunt
523 1593 715 1654 moraretur,
730 1578 873 1659 quaedam
889 1577 1071 1660 imperfecta
1090 1581 1231 1662 reliquit;
1245 1583 1303 1643 alia

263 1671 427 1733 levissimis
441 1668 580 1726 versibus
601 1666 697 1725 veluti
715 1665 802 1726 fulsit
818 1690 824 1724 :
842 1688 920 1746 quos
933 1687 988 1748 per
1001 1667 1109 1746 jocum
1125 1691 1183 1750 pro
1199 1671 1305 1752 tigillis

262 1763 312 1822 vel
325 1756 512 1819 tibicinibus
527 1758 683 1838 interponi
700 1777 718 1814 a
732 1777 765 1814 se
779 1756 915 1832 dicebat,
933 1755 972 1815 ad
987 1758 1203 1818 sustinendum
1215 1781 1306 1842 opus,

263 1853 365 1910 donec
375 1847 483 1908 solidae
496 1845 653 1906 columnae
667 1844 861 1906 advenirent.

209 1944 244 1996 36
301 1941 339 1996 X.
356 1934 501 1996 Bncolica
521 1934 657 1993 triennio
678 1934 776 1992 Asinii
796 1933 948 1996 Pollionis
970 1958 1061 2000 suasu
1085 1937 1233 2018 perfecit:
1254 1937 1303 1997 bic

260 2022 516 2104 Transpadanam
529 2021 722 2102 provinciam
732 2022 869 2102 regebat3
882 2022 969 2104 cujus
981 2025 1101 2101 lavore,
1115 2047 1214 2106 quum
1226 2042 1304 2085 vete-

261 2117 345 2174 ranis
358 2113 486 2192 Augusti
499 2109 650 2170 militibus
662 2112 918 2172 Cremonensium
933 2126 963 2171 et
978 2115 1223 2176 Mantuanorum
1239 2118 1303 2197 agri
1346 2101 1347 2156 l

261 2200 535 2273 distribuerentur,
550 2217 622 2257 suos
635 2199 783 2278 Virgilius
798 2220 861 2259 non
878 2201 980 2259 amisit
992 2223 999 2260 ε
1011 2201 1090 2261 facta
1106 2204 1191 2260 enim
1204 2201 1303 2263 distri·

208 2296 242 2366 37
262 2291 403 2362 batione,
414 2309 495 2360 suos,
507 2308 559 2346 seu
568 2285 716 2362 Claudio,
726 2308 780 2346 seu
789 2287 879 2348 Arrio
890 2288 1201 2371 datos,recupe1·avit.
1214 2284 1303 2350 Hunc

261 2378 437 2438 Pollionem
452 2377 586 2436 maxime
608 2377 724 2436 amavit
741 2377 851 2452 Maro,
872 2391 904 2436 et
924 2377 1057 2439 dilectus
1074 2377 1113 2437 ab
1134 2401 1171 2438 eo
1190 2402 1303 2462 magna

260 2488 391 2526 munera
409 2466 503 2525 tulit:
526 2467 642 2546 quippe
661 2467 715 2546 qui
732 2466 879 2526 invitatus
897 2465 937 2524 ad
951 2487 1088 2541 coenam,
1102 2482 1211 2549 captus
1233 2469 1299 2550 pul·

258 2553 433 2614 chritudine
445 2566 475 2613 et
487 2553 649 2634 diligentia
657 2552 836 2629 Alexandri,
850 2553 1000 2614 Pollionis
1012 2557 1115 2637 pueri,
1128 2576 1200 2615 eum
1211 2557 1295 2617 dono

259 2677 390 2742 cionem)
414 2677 605 2747 primipilarem
623 2693 644 2728 'e
670 2677 758 2728 Probo
839 2677 913 2749 534.
927 2679 1300 2752 thuidomtrodunt;impu-

260 2767 390 2808 memorat
408 2759 536 2827 Pompon.
556 2755 635 2818 sau,
653 2757 758 2808 Manci-
803 2757 950 2810 dentissimi
965 2759 1087 2829 profesto
1103 2757 1240 2823 homines,
1259 2759 1303 2830 qui

260 2834 347 2886 uellus
360 2848 386 2888 et
403 2835 456 2888 alii.
472 2866 505 2874 -
519 2835 648 2888 Caeterum
666 2838 688 2886 si
706 2855 758 2887 non
803 2836 1012 2890 infimisubsellii
1023 2839 1164 2908 poetastris
1176 2840 1302 2889 usitatum
1345 2839 1346 2850 ¹

260 2915 294 2968 de
310 2915 416 2967 sceleris
431 2927 553 2980 auctore,
572 2928 599 2965 at
616 2913 709 2966 saltem
725 2915 758 2966 de
803 2935 904 2970 morem
921 2931 995 2968 tanto
1011 2930 1096 2988 poetae
1113 2917 1232 2970 tribuere
1247 2918 1301 2968 ausi
1345 2971 1346 2980 ,

259 2996 359 3048 scelere
372 3014 446 3066 paene
457 3008 563 3066 patrato
573 3005 685 3044 constat.
803 3011 871 3048 sunt.
882 2999 915 3046 At
923 2996 990 3048 illud
1000 2998 1079 3048 etiam
1091 2997 1233 3062 insulsius,
1243 3016 1301 3048 eum
1345 2991 1346 3064 l

294 3078 318 3142 §-
331 3077 374 3129 33.
385 3074 473 3126 Facile
485 3071 757 3142 apparet,baec,quae
803 3074 836 3125 ad
860 3078 944 3127 xxiv
960 3075 1041 3127 libros
1061 3075 1200 3128 AEneidem
1220 3078 1300 3128 fuisse
1345 3067 1346 3074 ἵ

260 3168 420 3225 sequuntur,
434 3155 592 3204 evariorum
601 3149 758 3202 Grammati·
801 3154 1006 3223 perducturum
1025 3157 1101 3228 quasi
1113 3154 1146 3206 de
1159 3156 1300 3208 annalibus

260 3231 757 3301 corumsivejudiciis,siveeommen-
802 3250 933 3305 ageretur.
956 3237 1029 3288 Fecit
1055 3249 1143 3287 tamen
1169 3235 1223 3287 hoc
1247 3239 1300 3287 Ma-

259 3314 293 3362 tis
308 3329 365 3362 esse
380 3310 573 3360 consarcinata·
801 3313 886 3382 pheus
896 3317 1007 3386 Vegius,
1023 3313 1186 3377 Laudensis,
1204 3313 1300 3366 saeculo

296 3391 364 3440 Ursoe
380 3405 457 3438 more,
479 3384 580 3436 Gellius
596 3386 681 3454 XVII,
704 3407 754 3441 10:
800 3393 874 3459 XVl,
888 3395 933 3463 qui
947 3396 1007 3444 Xlll
1019 3393 1117 3444 librum
1130 3393 1238 3444 AEneidi
1256 3392 1300 3443 ad-

261 3469 368 3520 «Amici
386 3467 583 3536 familiaresque
605 3467 632 3518 P.
653 3471 756 3541 Virgilii
797 3473 877 3541 jecit,
891 3489 969 3541 quem
976 3475 1031 3539 jam
1041 3474 1069 3522 in
1079 3471 1121 3523 ed.
1132 3471 1231 3524 Adami
1241 3475 1298 3523 Rot.

258 3549 355 3611 iubis,
370 3563 428 3617 quse
447 3543 480 3595 de
497 3545 603 3616 ingenio
622 3549 756 3600 moribus·
804 3551 999 3620 1471,ethinc
1015 3554 1043 3602 in
1059 3565 1166 3617 nostra,
1183 3553 1239 3603 vol.
1256 3553 1298 3614 IV,
1344 3619 1345 3624 ,

258 3645 310 3698 que
336 3628 391 3694 ejus
418 3627 549 3676 memorie
573 3625 754 3695 tradiderunt,
799 3649 826 3700 p.
838 3631 899 3696 403,
910 3649 969 3681 cum
980 3630 1088 3703 dialogo
1098 3651 1169 3682 novo
1180 3645 1207 3684 et
1218 3633 1297 3692 notis,
1344 3699 1345 3702 Ἴ

181 3709 184 3716 ’
257 3705 345 3756 dicere
358 3723 418 3755 eum
428 3703 533 3756 solitum
544 3706 647 3770 ferum,
659 3725 754 3777 parere
799 3727 950 3780 expressum
961 3713 1087 3781 reperias.
1098 3711 1147 3762 Ed.
1344 3705 1345 3720 ¹

255 3802 283 3836 se
292 3801 382 3834 versus
392 3801 465 3836 more
476 3797 556 3854 atque
566 3785 619 3836 ritu
628 3787 726 3836 ursino.
737 3809 748 3833 ιι
832 3791 854 3857 5.
867 3789 909 3841 36.
923 3789 1047 3841 Bucolica
1061 3791 1201 3841 tornulo...
1217 3792 1261 3844 Sic
1274 3802 1298 3840 et

255 3864 365 3931 Quintil.
378 3867 440 3916 lust.
449 3865 488 3930 X,
498 3867 528 3931 3,
542 3865 557 3917 8
569 3887 575 3916 r
589 3865 750 3937 «Virgilium
795 3867 906 3936 Phocus,
918 3889 942 3920 v.
952 3869 986 3940 95
994 3887 1067 3942 sqq.;
1081 3870 1140 3922 vide
1148 3872 1198 3921 inf.
1208 3873 1297 3924 Vitam

256 3961 362 4014 quoque
384 3945 562 4014 paucissimos¹
578 3944 621 3995 die
640 3963 748 4015 compo·
794 3947 828 3998 ad
841 3965 864 4000 a.
877 3949 936 4017 716.

256 4025 338 4078 suisse
350 4042 455 4090 versus,
470 4037 565 4078 auctor
576 4036 616 4077 est
626 4025 720 4076 Varus.
733 4049 743 4070 ιι
828 4025 849 4096 5.
862 4028 903 4098 37.
915 4027 1077 4095 Alexandri,
1085 4047 1109 4080 r.
1123 4045 1183 4098 sup.
1198 4027 1222 4098 §.
1235 4044 1278 4080 an
