2654 4590
224 255 265 333 lo
550 245 931 310 constructam

220 372 341 452 requies
350 379 479 429 senectae
488 388 576 442 mete,
586 391 642 428 cur
652 389 701 427 me
711 381 744 427 ut
754 368 852 428 solam
862 371 1065 450 relinqueres,
1075 375 1109 430 iu
1121 374 1308 432 animum

220 473 310 520 tuum
320 456 488 517 induxisti?
501 457 634 516 crudelis
644 457 650 514 l
666 477 720 515 cur
731 477 795 516 non
806 458 912 517 saltem
924 459 1180 520 consolabundus
1191 459 1309 520 affa-

222 562 271 608 tus
290 569 320 606 es
340 567 403 619 me,
425 565 521 627 quum
541 547 598 604 ires
615 547 648 603 in
668 557 838 604 extromum
856 545 1027 626 periculum
1047 549 1159 607 missus
1177 570 1195 606 a
1221 561 1308 606 tuo

222 636 382 719 principe?
393 658 447 696 cur
461 657 525 696 non
539 635 612 694 data
625 637 716 716 copia
726 637 776 694 ‘tui
792 635 1020 696 conveniendi?

262 723 331 799 485.
352 725 494 804 Sequitur
513 743 583 804 pars
604 723 721 781 altera:
743 722 918 804 deploravit
939 723 1140 784 solitudinem
1163 743 1308 795 suarm

220 813 283 895 jam
300 816 364 874 nati
383 813 537 872 infelicem
555 815 689 872 exitum:
709 811 769 872 hoe
788 813 934 888 vividius,
955 813 1123 890 efficacius,
1144 814 1308 872 luctuo-

222 905 299 975 sius,
321 915 354 960 ut
368 922 436 981 quae
449 916 557 960 netum
571 903 691 982 potius,
701 920 803 980 ,quam
820 921 850 959 se
865 915 990 960 amaret.
1006 901 1147 960 Pendent
1161 901 1307 960 omnia

222 1013 240 1052 a
259 993 511 1052 circumstantiis:
535 1012 606 1050 nam
625 989 706 1071 jacet
726 1006 869 1050 mortuus
883 992 917 1050 in
936 1006 1016 1051 terra
1030 994 1155 1072 ignota,
1178 990 1305 1048 datus

222 1083 350 1142 canibus
363 1087 395 1142 in
410 1081 560 1163 praedam3
572 1082 638 1139 sine
648 1094 798 1161 apparatu
808 1080 942 1155 funeris;
957 1103 1021 1141 non
1032 1081 1146 1140 clausis
1157 1079 1304 1152 oculis;

222 1192 289 1234 non
302 1170 372 1229 lotis
389 1168 581 1242 vulneribus;
597 1188 662 1227 nou
677 1182 774 1228 tectus
788 1183 883 1242 veste,
898 1190 990 1249 quam
1007 1185 1105 1228 mater
1117 1168 1184 1227 dies
1197 1187 1304 1226 noc-

222 1273 327 1340 tesque
342 1263 429 1319 anxie
443 1273 473 1318 et
487 1257 617 1318 sollicite
631 1258 765 1330 terebat3
780 1261 877 1317 immo
893 1259 1028 1339 tarpeiam,-
1041 1257 1213 1324 efficacius.

261 1349 330 1430 490.
350 1352 492 1424 Haesitat‚
513 1348 587 1429 quid
602 1348 719 1408 factura
736 1351 868 1408 intanto
882 1349 981 1424 mal03
1000 1363 1030 1408 et
1045 1351 1118 1429 quia
1132 1347 1301 1428 dispersa

221 1437 362 1498 membra
381 1460 415 1497 ac
434 1438 528 1496 funus
545 1436 678 1496 lacerum
698 1437 816 1496 nullam
833 1435 908 1496 daut
926 1439 1049 1518 copiam
1065 1437 1299 1516 reliquiarum

222 1527 483 1609 colligendarum,
494 1529 605 1585 iterum
616 1527 736 1586 incusat
745 1540 864 1601 natum,
876 1528 958 1607 quod
971 1549 1001 1587 se
1010 1526 1299 1607 benignissimam

222 1630 397 1696 parentem,
414 1611 622 1693 laborumque
635 1628 715 1672 terra
733 1629 762 1672 et
781 1616 859 1674 mari
875 1613 1059 1674 tolerantem
1075 1615 1188 1672 abiens
1204 1612 1298 1670 reli-

223 1704 333 1782 querit.
349 1699 446 1775 Illud,
460 1698 514 1757 leuc
525 1699 598 1759 mihi
609 1701 643 1759 de
654 1714 688 1774 te,
700 1715 776 1775 nate,
788 1703 873 1784 refers
881 1708 897 1759 Ρ
906 1705 1092 1784 interpretor
1104 1700 1145 1758 de
1156 1701 1297 1780 capite,

224 1789 309 1870 quod
326 1789 423 1850 oculis
438 1789 609 1869 spectabat:
630 1792 717 1870 quasi
732 1791 832 1864 dicat;
853 1791 991 1872 disperso
1006 1792 1130 1872 reliquo
1141 1809 1298 1870 corpore

223 1891 347 1938 tantum
362 1875 445 1934 mihi'
461 1891 555 1956 caput
575 1877 774 1957 spectandum
793 1878 905 1938 refers?
922 1900 939 1938 e
957 1895 1013 1939 tuo
1031 1900 1166 1961 corpore
1184 1889 1296 1958 caput

222 1975 345 2021 tantum
355 1961 509 2022 restituis?
521 1975 550 2020 et
559 1961 621 2022 hoc
632 1965 819 2024 cernendum
830 1965 932 2026 solum
942 1967 1054 2042 oculis,
1067 1989 1136 2026 non
1146 1986 1295 2024 exoscu-

222 2050 368 2120 landum,
384 2070 450 2108 non
465 2048 734 2128 aruplectendum?

262 2137 331 2217 493.
344 2139 416 2196 Pars
428 2137 539 2196 ultima
551 2137 732 2219 etltopoeiae,
745 2143 778 2198 in
790 2163 851 2221 qua
862 2145 940 2202 inest
950 2143 1135 2202 deliberatio
1146 2145 1270 2202 mortis
1282 2165 1290 2198 ι

222 2223 303 2285 hanc
317 2226 393 2307 petit
408 2238 462 2285 aut
476 2246 493 2284 a
508 2225 645 2301 Rutulis,
660 2227 685 2285 si
701 2226 797 2286 velint
811 2249 872 2288 esse
886 2231 948 2310 pii;
962 2245 1014 2290 aut
1029 2253 1047 2290 a
1060 2233 1157 2306 Jove,
1173 2233 1202 2289 si
1219 2232 1287 2288 rui-

223 2423 326 2485 audivi,
340 2441 394 2473 non
403 2434 568 2492 postremum
578 2426 634 2490 ejus
645 2426 720 2492 spiri·
764 2426 801 2476 ire
813 2445 862 2496 per
872 2427 971 2493 altum,
984 2425 1124 2479 Crudelis!
1137 2451 1148 2473 n
1163 2425 1284 2477 Toubm.

222 2516 277 2554 tum
291 2504 413 2570 excepi.»
433 2503 513 2565 Item,
528 2503 720 2553 «lnimicorum
800 2505 860 2571 486.
881 2508 963 2559 Joces.
985 2509 1118 2577 Proprie:
1144 2505 1287 2576 insepulti

221 2585 249 2634 in
271 2583 392 2632 manibus
411 2593 531 2631 mortuus
553 2595 608 2633 est:
631 2582 721 2634 hostili
766 2583 837 2634 enim
845 2584 1004 2636 dicebantur
1005 2585 1286 2656 jacereDel‘riamo,

222 2677 294 2714 terra
306 2662 418 2730 turpiter
427 2661 511 2728 jacuit
525 2661 690 2730 insepultus:
704 2681 721 2714 a
766 2665 811 2732 qui
829 2682 879 2716 nec
898 2665 1034 2735 sepultus,
1052 2683 1103 2716 nec
1121 2677 1287 2728 crematus,

223 2743 287 2792 feris
304 2739 349 2790 diu
368 2751 491 2805 vexatus,
508 2743 642 2791 communi
655 2759 721 2810 quo·
769 2763 779 2788 u
782 2745 856 2813 jacet
873 2746 966 2814 ingens
984 2745 1064 2796 litore
1082 2756 1235 2796 truncus.»
1247 2775 1287 2784 -

223 2839 275 2891 que
286 2819 390 2870 honore
401 2820 428 2870 in
440 2831 525 2871 morte
538 2822 644 2872 caruit»
657 2843 663 2872 ε
675 2825 721 2894 qui
765 2823 820 2873 Nee
839 2833 862 2872 te
882 2834 927 2874 tua
937 2825 1037 2896 funera
1054 2835 1148 2874 mater.
1169 2823 1203 2874 ld
1224 2838 1285 2889 est,

222 2901 276 2953 loci
283 2899 559 2971 omneshicaVirgilio
566 2911 718 2974 tanguntur.
764 2902 891 2954 funerea:
903 2922 966 2955 narn
977 2903 1051 2974 apud
1064 2906 1183 2973 majores
1191 2905 1286 2975 furte-

258 2981 317 3048 483.
337 2979 458 3033 Crudelis.
479 2980 531 3047 Qui
548 2983 660 3050 potuisti
671 2983 721 3034 liu·
765 3000 819 3034 reos
835 2981 961 3034 dicebant
975 3001 1034 3049 eas,
1053 2983 1088 3034 ad
1106 3001 1175 3054 quas
1193 2985 1283 3036 funus

222 3079 303 3132 quere
315 3059 413 3124 solam,
433 3078 514 3130 quum
526 3062 586 3130 pius
597 3079 675 3113 esses.
692 3064 718 3115 S.
765 3062 929 3132 pertinebat,
942 3076 972 3115 ut
986 3081 1122 3130 sororem,
1136 3077 1259 3117 matrem
1275 3085 1283 3118 s

221 3169 258 3182 ν·
266 3139 391 3191 crudetis!
400 3138 494 3211 Scalig.
506 3139 550 3205 lV,
559 3139 601 3204 48.
612 3141 720 3208 Mirum,
764 3159 827 3192 nam
839 3142 963 3212 praeficae,
983 3157 1045 3195 sunt
1057 3144 1188 3214 plauctus
1203 3147 1284 3216 prin-

224 3229 351 3288 quantum
363 3217 719 3290 alferataffectusvox,quae
766 3221 852 3289 cipes,
874 3239 929 3272 non
953 3221 1063 3273 doloris.
1084 3224 1198 3276 Funeroe
1215 3239 1284 3277 sunt

222 3299 250 3348 iu
259 3297 390 3366 principio
399 3299 522 3349 carminis
531 3301 649 3368 ponitur,
661 3313 722 3370 post
767 3297 867 3352 doloris
879 3302 1040 3372 participes:
1058 3314 1089 3352 ut
1104 3303 1140 3354 ad
1154 3322 1224 3374 quas
1239 3307 1284 3356 fu·

225 3375 355 3444 expletam
367 3377 539 3427 sententiam:
553 3397 611 3449 quae
621 3397 673 3429 vox
681 3378 721 3431 illi
765 3395 816 3428 nus
824 3384 1055 3453 consanguinitate
1063 3386 1199 3454 pertinet:
1210 3388 1285 3438 Proe.

223 3466 312 3505 tamen
319 3453 441 3521 apposita
449 3459 591 3524 apponitet
599 3477 718 3511 sensum:
758 3455 833 3528 ficte,
844 3458 968 3530 planctus
979 3463 1068 3514 alieno
1079 3465 1108 3514 in
1119 3466 1219 3518 funere
1230 3469 1283 3518 mi-

222 3548 310 3600 ueque
323 3541 384 3600 post
396 3528 423 3580 sl
439 3533 548 3586 crudelis
558 3551 624 3589 noto
637 3540 721 3589 iuter·
765 3540 867 3605 nistrse,
878 3559 936 3611 quae
944 3543 1068 3595 mercede
1078 3545 1282 3598 conduceban-

223 3609 369 3679 rogationis
377 3609 639 3686 ponenda,sedpost
647 3617 720 3668 ‹riso-
765 3621 1278 3693 tur.Funeroeproducebantcadavera:

224 3687 286 3736 lam.
302 3687 442 3737 Enimvero
458 3686 517 3756 plus
532 3691 632 3759 placuit
643 3695 719 3746 addi·
763 3696 876 3770 Proeſscoe
893 3704 1085 3772 sequebantur.
1106 3707 1277 3759 Funeromm

224 3776 370 3820 tamenturn
381 3763 445 3814 illud
456 3765 525 3818 illius
534 3774 619 3834 vocis,
630 3775 719 3828 crude-
764 3790 871 3846 questus
889 3783 1037 3852 parietibus
1059 3787 1259 3841 continebatur
1271 3807 1277 3835 ι

225 3845 269 3906 lis,
282 3855 358 3912 gestu
368 3845 499 3896 sustineri.
511 3848 549 3900 lta
559 3850 659 3904 AEneid.
668 3855 717 3907 IV:
763 3855 930 3928 Proficarum
948 3861 1050 3914 clamor
1069 3863 1106 3914 ad
1126 3866 1278 3921 Libitinam

229 3945 240 3969 a
249 3921 282 3971 Et
295 3919 389 3972 mediis
401 3940 529 3994 properas
543 3929 718 4001 Aquilonibus
741 3925 742 3932 ἵ
764 3947 790 3987 et
801 3937 829 3987 in
842 3938 952 4007 publico
968 3944 1145 4012 personabat.
