2720 4588
8 2649 10 2684 l

313 347 366 411 m
389 347 627 416 muninus
648 346 741 417 me.
767 351 830 419 x1.
938 317 940 322 ’
1037 301 1092 425 ιε)

49 484 87 526 eu
101 468 258 552 virgines,
279 482 311 531 et
328 469 545 534 lectaeomnes.
567 475 661 535 Poeta
680 486 739 536 tres
760 490 917 553 numerat,
936 477 1096 557 barinarn,

49 555 187 636 Tullam,
197 557 380 644 Tarpeiam
393 558 536 626 extremae
545 564 598 625 dat
606 568 729 626 menum
738 581 857 630 ceratam
869 569 902 630 in
913 589 1023 648 manu,
1034 589 1096 654 qua

49 639 148 708 hostes
164 659 329 730 quateret:
345 662 434 709 erant
447 651 514 711 istae
527 653 610 732 pacis
621 652 760 736 bellique
771 655 969 717 administrae.
1054 713 1058 719 .

83 734 156 816 659.
180 738 387 820 Comparatio
406 741 566 822 aptissima
583 753 706 824 sumpta
727 743 765 803 ab
784 745 1005 821 Amazonibus,
1025 765 1095 828 quse

48 820 166 905 degunt
176 827 216 888 ad
226 825 494 890 Thermodontem
503 825 734 910 Asiae'lluvium,
744 825 896 916 et'quihus
904 837 986 918 picta
994 856 1093 896 arma:

50 931 115 992 quae
131 911 268 976 feminae
284 914 437 976 exsultant
452 915 566 978 lunatis
580 917 684 1000 peltis,
706 941 803 1001 quum
817 924 1006 1011 comitantur
1019 923 1096 1006 Hip·

50 1104 214 1164 tlmazonum
243 1111 346 1166 indicat
370 1117 553 1187 comparatio,
598 1118 699 1172 demin
713 1120 850 1180 codicibus
864 1121 967 1196 aliquot
979 1121 1095 1192 antiquis

49 1189 554 1268 querinducuntureiroareginambel·
596 1197 719 1252 hahetur.
739 1199 789 1252 Sed
809 1203 957 1253 enimcum
973 1199 1095 1252 Medioeo

48 1263 71 1317 la
89 1277 257 1340 tractantes,
280 1293 316 1326 ne
333 1273 456 1348 culpetur
471 1289 553 1348 poeta
597 1277 701 1350 plures,
719 1294 798 1352 atque
816 1279 896 1332 iidem
912 1279 1095 1352 probatiores,

49 1350 233 1418 quodnullam
241 1373 334 1409 earum
341 1359 554 1430 pugnantemin·
596 1358 669 1411 honre
677 1360 782 1434 legunt,
793 1360 875 1432 idque
885 1360 990 1414 Servius
1001 1377 1094 1431 agnos·

50 1427 158 1484 duxerit.
168 1434 196 1486 S.
205 1431 483 1509 -Lars'noqueviryn
497 1437 552 1488 No·
597 1440 642 1490 eit.
654 1441 807 1493 Donatiaua
821 1453 910 1493 tamen
922 1437 1094 1512 paraphrasis

49 1510 114 1562 mina
124 1511 185 1565 haec
193 1513 423 1568 nobilissimarum
432 1519 553 1570 suutlta·
596 1518 632 1571 ad
646 1539 704 1572 eam
715 1519 871 1584 lectionem,
888 1536 946 1590 qna
958 1517 1096 1570 bonas-ha·-

50 1584 85 1638 lire
92 1590 279 1646 foeminarum.
288 1594 321 1646 Et
327 1605 434 1646 oeromm
441 1613 491 1668 pro
499 1597 552 1648 ler-
595 1597 641 1651 bet
652 1601 804 1652 accusativo
816 1615 895 1666 casu,
910 1599 1043 1670 respicere
1054 1599 1096 1651 vi·

49 1683 132 1721 ream:
145 1683 192 1738 nt,
204 1696 216 1720 a
227 1674 310 1725 micat
316 1692 399 1727 aereus
407 1675 485 1728 ensis.
498 1698 509 1723 a
520 1675 550 1726 Τ.
596 1677 682 1730 detur.
691 1677 734 1730 sie
744 1680 814 1730 enim
822 1690 876 1730 est:
888 1677 1004 1748 denique
1013 1695 1096 1748 quum
1165 1710 1170 1714 -

81 1748 141 1818 657.
161 1752 234 1822 Quas
245 1752 300 1824 ipsa
314 1751 397 1805 decus.
409 1753 441 1804 Et
455 1752 491 1806 ad
503 1751 551 1805 de·
596 1757 647 1808 iret
659 1757 693 1808 od
702 1755 816 1824 bellum,
826 1755 874 1810 has
884 1756 936 1810 sibi
946 1775 1003 1810 esse
1013 1755 1096 1810 comi·

50 1823 141 1894 lectas,
156 1843 184 1882 et
199 1829 235 1882 ad
247 1832 334 1902 ipsam
345 1844 435 1902 potest
446 1832 550 1884 referri.
596 1846 635 1887 tes
645 1835 742 1902 voluit,
753 1833 827 1908 quod
839 1849 927 1888 essent
937 1848 1094 1889 ornamento

50 1906 126 1960 Derras
141 1921 235 1962 autem
248 1911 271 1960 si
285 1909 320 1962 ad
333 1909 488 1976 Camillam,
500 1929 551 1962 uo·
596 1916 623 1966 in
635 1933 716 1986 pace,
729 1928 756 1966 et
767 1916 891 1967 ministrae
904 1916 931 1967 i'n
944 1917 1097 1968 certamini·-

50 1986 148 2056 bilitas,
162 1989 359 2061 pulchritudo:
375 1992 398 2043 si
412 1991 448 2044 ad
460 1990 550 2044 deleo·
595 1993 645 2045 bns
658 1993 731 2046 belli.
745 1995 834 2047 Potest
845 1996 918 2065 etsie
929 1994 1054 2067 intelligi,
1067 2007 1098 2047 ut

52 2079 99 2134 tas,
108 2083 316 2136 ornamentum,
326 2071 414 2140 idest,
425 2072 550 2143 quassibi
595 2071 662 2124 bello
674 2085 701 2125 et
709 2074 771 2145 paci
782 2087 940 2128 ornamento
953 2091 1011 2126 essa
1022 2073 1097 2128 vide*-

51 2147 123 2221 elegit
135 2163 342 2218 ornamentum,
354 2152 382 2204 id
394 2165 447 2216 est,
461 2152 497 2205 ad
509 2171 551 2204 or·
595 2164 702 2204 rentur:
714 2163 739 2204 et
751 2153 789 2204 sio
799 2153 826 2204 in
838 2165 953 2224 utroque
966 2153 1097 2228 obseque-

51 2243 216 2282 namentum.·
231 2231 312 2284 Taub.
322 2232 415 2284 -Dia
429 2231 550 2286 Camilla.
595 2243 702 2298 rentur,
712 2243 743 2282 ut
755 2245 898 2304 utrumque
910 2244 1052 2285 ornarent:
1069 2247 1095 2287 et

51 2306 198 2375 Generosa,
221 2306 330 2377 riunire
350 2329 411 2364 nam
429 2312 551 2364 Graecum
594 2309 714 2362 hooesse
725 2311 843 2362 arbitror
855 2312 961 2364 malins.
973 2313 1040 2365 Pier.

51 2399 99 2456 est,
121 2392 201 2459 cujus
225 2391 341 2443 nominis
364 2391 551 2464 etymologiam
630 2390 690 2461 659.
700 2390 794 2462 Quales
803 2391 934 2444 Threiciae.
944 2393 1042 2446 Tanais
1050 2393 1095 2446 ilir-

51 2467 169 2540 plerique
181 2469 278 2522 volunt
284 2472 375 2524 venire
383 2471 432 2522 aire
438 2471 482 2523 σοῦ
488 2468 534 2527 nte
544 2493 550 2523 e
595 2472 654 2522 rius
664 2483 704 2524 est
718 2472 765 2542 qui
778 2463 886 2543 separat
897 2471 987 2524 Asiam
998 2472 1033 2525 ab
1044 2471 1098 2524 Eur·

52 2548 120 2617 quod
130 2553 155 2602 si
165 2552 207 2604 sic
216 2563 271 2616 eat,
284 2550 403 2605 dicemus
411 2550 551 2605 dissentire
596 2569 678 2622 ropa,
691 2551 762 2603 circa
772 2569 852 2623 quem
862 2561 942 2605 autea
950 2553 1099 2608 Amazones

53 2625 551 2702 derivationemaprinripalitate:nam
596 2629 1099 2704 habitaverunt,undoposteaad'l'her·

52 2703 103 2772 dia,
124 2708 154 2759 di
169 2707 311 2780 producit,
328 2727 388 2762 snm
405 2706 453 2766 ieie
470 2713 552 2763 corri-
596 2710 845 2765 modontailuvium
854 2709 975 2765 Thraciae
986 2708 1114 2765 transtu-¹

52 2787 121 2855 piat:
135 2789 235 2841 aiente
249 2800 358 2855 eontra,
369 2807 430 2841 eum
445 2789 506 2856 lux,
524 2789 553 2842 lu
597 2792 701 2845 lerunt:
714 2792 787 2864 quod
796 2804 821 2844 et
829 2792 968 2845 Sallustius
976 2805 1098 2860 testatur,

52 2866 198 2935 producat,
210 2867 341 2932 ducenta,
353 2866 382 2918 lu
389 2869 511 2939 corripit.
521 2869 551 2920 T.
598 2870 699 2936 dicens,
708 2893 719 2918 a
727 2871 1098 2943 DeinoampiThreissi,quos

53 2947 143 2998 -m'a
153 2946 278 3000 Camilla.
287 2948 337 2998 Pro
347 2945 417 2998 diva.
426 2949 553 3000 Horatius
597 2949 717 3003 habuere
730 2950 891 3014 Amazones,
906 2949 940 3001 ab
951 2951 1037 3003 Tanai
1048 2950 1099 3002 llu-

53 3024 101 3077 bat.
114 3027 142 3092 l,
155 3043 186 3094 a,
200 3025 531 3080 asentantiadiaCatonis.
542 3053 554 3077 ι
598 3032 670 3083 mine
686 3031 818 3082 incertum
833 3047 913 3100 quam
928 3027 964 3080 ob
977 3047 1098 3082 caussam

55 3105 155 3158 l'ersi'trs
166 3105 223 3158 Sat.
233 3107 259 3172 l,
272 3107 321 3174 45,
337 3123 422 3160 «eoae
431 3107 556 3179 iuterpo-
600 3108 734 3180 digressa.
745 3131 757 3156 s
767 3110 821 3160 llas
832 3106 941 3180 quidam
949 3105 1101 3162 dionnmta·

55 3185 112 3238 eula
137 3198 263 3257 quaerunt
284 3185 432 3238 Romulidas
455 3189 556 3253 saturi,
590 3199 629 3241 'to
643 3189 690 3244 die
701 3190 792 3243 solitas
809 3187 917 3241 Sinthiis
932 3189 1014 3241 coire.
1029 3190 1098 3242 Seru.

55 3264 116 3334 qnid
126 3265 174 3318 dia
183 3277 312 3338 poemata
321 3278 440 3318 narrent.
453 3289 464 3314 e
475 3267 553 3320 Ouid.
600 3269 711 3322 —Vide
720 3283 798 3322 notas
808 3267 861 3320 vol.
874 3267 918 3332 Ν,
928 3285 990 3341 paq.
1005 3264 1063 3321 261.

8 3367 10 3416 t
55 3345 122 3397 Fast.
141 3347 181 3411 ll,
202 3344 275 3416 598:
303 3345 444 3416 «Quaeque
465 3345 557 3398 uolunt
599 3357 602 3362 ’
636 3349 698 3403 661.
716 3347 888 3421 Hippolyten.
909 3348 1100 3403 llaeodmazo·

55 3423 200 3490 thalamos,
214 3425 263 3477 llia
275 3424 334 3491 dia,
345 3437 439 3476 tuos.»
601 3445 666 3480 num
678 3429 728 3479 fuit
740 3428 846 3500 regina,
859 3427 902 3478 cui
914 3427 989 3478 victae
1000 3427 1103 3482 Hercu·

85 3504 147 3557 658,
163 3504 291 3578 Persisque
303 3505 383 3557 bonoe.
401 3503 556 3577 congruum
600 3506 639 3559 les
655 3505 794 3560 baltheum
810 3505 936 3558 sustulit:
954 3503 1033 3575 hujus
1046 3506 1102 3560 lilia

57 3581 556 3655 pariepithetondedit,'uteambonani
600 3583 1102 3657 AntiopaquamTheseusrapuit,nn·

58 3661 169 3728 dtoeret,
182 3681 267 3734 quum
278 3662 380 3716 bellum
390 3683 405 3715 e
417 3676 511 3718 contra
523 3666 557 3716 sit
602 3663 636 3717 de
652 3664 823 3736 Hippolytus.
839 3664 865 3717 S.
880 3693 916 3704 -
929 3663 1101 3736 Hippolyten.

58 3744 214 3810 pessimum:
228 3759 292 3793 nem
300 3743 357 3794 sine
365 3742 449 3794 dubio
458 3756 484 3796 et
493 3743 557 3797 belli
601 3745 662 3798 Fuit
681 3743 739 3796 haec
765 3741 935 3795 Penthesilea
959 3739 1103 3808 meoniae,

60 3822 115 3872 saevi
125 3820 241 3886 dicaret,
251 3823 274 3872 si
285 3823 388 3873 ratione
396 3839 487 3874 versus
498 3823 559 3874 lice·
601 3843 684 3888 soror,
696 3821 733 3875 ait
741 3822 798 3874 Cal.
809 3822 856 3874 lib.
867 3823 887 3873 l.
898 3821 962 3874 ldeo
973 3823 1101 3876 exstudio

61 3913 105 3950 ret.
117 3900 235 3968 Quidam
247 3899 351 3952 bonum
360 3899 493 3954 interdum
505 3899 557 3974 pro
602 3916 743 3976 utramque
750 3914 831 3975 poeta
837 3902 983 3974 conjungite
990 3902 1101 3958 Mudum

63 3979 151 4047 grandi
161 3979 308 4052 accipiunt.
319 3981 388 4033 Seru.
395 3981 559 4054 -sstl'aoisque
592 3982 682 4036 oaedis
692 3981 751 4055 lege
762 3980 834 4054 apud
841 3979 901 4034 ¹Cal.
917 3979 1005 4036 Gettltu

65 4056 558 4136 lenusbelliquemiuistras·donasqui·
638 4061 699 4119 663.
719 4061 827 4118 lunatis
840 4062 946 4136 aparine
956 4059 1039 4132 peltis.
1061 4064 1104 4115 lta
