2654 4590
243 314 280 392 ¹4
564 297 945 372 COMMENTARiA

281 434 348 494 128.
362 426 498 503 collide,
517 427 681 510 quaefacta
694 428 728 487 in
741 429 872 508 gratiam
883 429 1108 511 trojanorum,
1127 429 1206 500 vult
1221 454 1314 500 con

238 538 357 586 vertere.
374 522 406 580 in
424 518 550 580 illorum
567 518 752 598 perniciem
773 531 803 577 et
819 516 868 578 his
883 519 1033 602 prodigiis
1050 525 1095 587 ait
1111 526 1190 590 ilios
1206 533 1299 611 peti

238 634 313 674 nem
328 607 475 691 iuppiter
492 604 553 666 illis
569 607 675 687 eripuit
687 604 829 665 auxilium
846 605 980 683 solitum,
1000 609 1033 668 id
1051 625 1117 687 est,
1136 635 1251 676 naves
1270 617 1314 675 ad

237 704 363 786 fugem
381 697 443 760 hoc
461 717 533 758 cnm
549 697 668 782 ingenti
683 695 892 772 contumelio,
912 701 1003 778 quasi
1020 719 1143 784 semper
1152 703 1314 787 Trojani

237 793 314 874 fuga
337 791 396 851 sibi
419 785 648 861 consuluerint,
674 807 740 846 non
761 785 844 846 bello
864 801 896 847 et
916 789 1048 850 virtuto:
1073 795 1177 874 carpit
1205 799 1314 854 enim

238 883 382 955 Euenor,
397 875 451 959 qui
462 877 594 936 navibus
604 875 686 954 fugit
695 897 711 935 e
720 875 830 956 Trojc;
844 889 874 936 et
886 875 952 938 hoec
964 891 1007 939 est
1019 880 1111 940 solite
1124 881 1221 947 illius
1237 905 1314 945 ars

281 993 345 1052 1²9·
354 968 516 1043 'Sententia
528 980 587 1039 est3
600 979 677 1047 pute
688 961 759 1025 illos
767 962 832 1046 jem
843 969 971 1048 periisse
977 993 989 1042 ‚·
1003 991 1068 1030 non
1078 993 1159 1053 opns
1170 978 1314 1035 nostris

237 1060 324 1134 telis,
343 1078 408 1118 non
422 1055 545 1136 ignibus
558 1075 565 1113 ι
582 1073 659 1112 nem
671 1053 844 1134 absumptis
857 1053 1006 1132 navibus,
1025 1077 1091 1119 non
1103 1059 1171 1140 jam
1192 1082 1314 1123 nocua

238 1160 379 1209 mentum
399 1141 481 1206 eliud
505 1153 699 1222 exspectante
725 1140 866 1217 bisunt,
888 1157 919 1202 et
937 1141 1012 1204 tales
1030 1159 1117 1222 sunt,
1144 1151 1207 1230 qui
1220 1207 1222 1212 ,
1234 1149 1314 1212 hoe

237 1241 329 1298 unico
344 1231 428 1294 melo
441 1233 623 1292 corruerint.

282 1327 347 1387 130.
362 1324 488 1404 Colligit
502 1343 538 1382 ex
552 1321 655 1396 dictis,
671 1319 751 1379 nihil
760 1317 826 1400 jam
839 1319 994 1404 reliquum
1008 1343 1075 1384 esse
1086 1319 1248 1406 Trojanis
1264 1331 1314 1392 ad

236 1414 382 1485 salutem}
404 1432 477 1470 narn
495 1409 593 1468 meria
608 1409 712 1481 invia3
735 1429 808 1468 nam
820 1409 907 1470 nulia
924 1431 992 1492 spes
1008 1412 1109 1493 fugae:
1131 1429 1212 1474 sunt
1227 1417 1313 1479 illis

236 1506 330 1562 oraria
344 1503 424 1561 t'ttvio
432 1543 441 1571 ‚
457 1499 530 1578 quia
543 1517 610 1578 pars
621 1493 712 1556 altera
723 1495 857 1578 adempto
869 1511 926 1570 est‚·
944 1497 1090 1559 videlicet
1107 1501 1312 1585 absumptis

236 1589 387 1661 navibus,
407 1585 558 1665 ademptee
572 1583 665 1643 undae
680 1595 768 1642 sunt:
790 1582 1049 1668 nullaspesfeqoe,
1070 1589 1144 1668 quia
1162 1601 1250 1650 terra
1272 1595 1312 1652 in

235 1678 338 1736 nostris
346 1671 487 1732 monibus.
499 1672 633 1730 Romani
640 1672 724 1733 enim
734 1691 828 1730 rerum
836 1668 950 1731 domeni
959 1671 1147 1734 dicebantur
1154 1693 1310 1759 propter

234 1777 331 1823 terres
346 1776 377 1820 et
387 1760 501 1831 maria3
516 1759 623 1839 itaque
634 1779 701 1838 pars
712 1756 802 1817 altera
814 1779 926 1834 rernm,
945 1773 1008 1837 est,
1026 1779 1097 1843 pers
1114 1761 1219 1823 altero
1234 1767 1306 1824 im-

234 1853 331 1934 perii,
351 1851 384 1911 id
402 1864 463 1923 est,
484 1867 579 1908 mare.
597 1849 679 1928 Ergo
693 1847 756 1908 illis
768 1869 825 1910 nec
837 1869 923 1910 marc
935 1866 998 1926 est,
1019 1873 1076 1913 nec
1089 1853 1201 1913 tellus:
1220 1878 1304 1917 non

233 1959 336 2014 mare,
351 1939 426 2020 quia
438 1936 588 1996 absumtoe
603 1956 715 2007 naves;
734 1957 799 1996 non
816 1936 924 2013 tellus,
945 1941 1020 2021 quia
1036 1937 1102 2000 haee
1113 1941 1146 1998 in
1163 1947 1314 2016 nostris

233 2027 387 2088 menibus.

277 2119 343 2176 132.
366 2117 433 2175 Hoc
454 2127 641 2195 argumento
660 2114 801 2174 munitus
822 2115 962 2186 Turnus,
984 2133 1052 2174 non
1069 2113 1135 2196 jem
1155 2131 1297 2180 tanturn

233 2201 385 2284 Trojanos
399 2205 591 2277 contemnit,
611 2202 665 2260 sed
678 2203 745 2283 ipsa
757 2200 861 2262 adhuc
873 2203 1010 2262 Deorum
1023 2221 1193 2284 responsa,
1214 2228 1297 2287 quae

234 2293 296 2353 illis
311 2291 432 2353 ltaliam
446 2293 672 2374 promiserant,
686 2304 716 2350 et
731 2311 800 2372 quse
811 2293 926 2372 possim
938 2289 1065 2372 Trojeni
1078 2290 1298 2372 gloriabundi

231 2379 412 2462 jactabant:
436 2382 534 2440 immo
549 2379 681 2458 jactasse
700 2399 755 2438 eos
774 2380 911 2460 imponit
930 2378 1145 2454 illicimus,
1164 2397 1295 2444 notans

235 2468 360 2536 illorum
376 2469 603 2548 arrogantiam
617 2469 723 2550 aitque
731 2488 771 2526 eo
781 2470 886 2526 mnino
898 2469 1008 2528 timere
1020 2487 1052 2528 se
1064 2487 1099 2526 ea
1110 2488 1291 2550 responsa,

235 2581 299 2641 quo
324 2557 456 2638 majores
476 2559 537 2618 sibi
558 2559 673 2638 copiae3
702 2579 776 2617 narn
795 2571 903 2638 gentes
922 2559 1007 2619 ltelae
1024 2557 1132 2618 multae
1150 2581 1211 2640 pro
1231 2581 1291 2622 se:

234 2649 325 2728 qussi
336 2647 420 2708 dicat
430 2644 594 2720 audactor3
605 2646 650 2706 illi
659 2644 776 2726 jactant
784 2649 954 2708 vanissimo
965 2648 1105 2708 Deorum
1116 2667 1291 2730 responsa,

233 2734 312 2795 mihi
324 2737 483 2795 verissime
497 2747 569 2794 sunt
580 2734 680 2794 millia
692 2747 794 2811 erma,
805 2735 839 2795 id
850 2751 915 2812 est,
930 2737 1062 2797 infin-ite.

276 2825 342 2885 135.
353 2827 521 2906 Acceperat
530 2826 634 2884 Venus
646 2845 834 2908 responsum
845 2847 861 2885 a
872 2828 963 2902 Jove,
973 2823 1290 2906 venturosTrojenos

235 2913 269 2973 in
281 2911 404 2973 Italiam
416 2937 422 2970 :
438 2915 483 2972 ait
491 2915 634 2988 Turnus,
648 2917 722 2973 satis
733 2913 898 2996 adimpleri
911 2913 991 2989 fata,
1008 2933 1107 2996 quum
1118 2916 1268 2976 venerint
1280 2942 1287 2974 :

233 3001 271 3062 de
281 3002 509 3078 dominatione,
521 3023 590 3084 quae
600 3006 752 3086 promissa
764 3023 891 3086 (suoque
900 3004 1045 3084 Trojanis
1055 3003 1170 3078 fuerat,
1181 3017 1287 3066 tecet:

233 3089 345 3150 deinde
358 3093 401 3152 ait
415 3112 481 3152 esse
499 3107 624 3174 quoque
641 3087 701 3150 sibi
716 3114 772 3152 sue
786 3091 870 3167 fata3
889 3091 941 3152 sed
955 3095 1028 3177 quia
1046 3091 1112 3154 haec
1128 3112 1193 3152 non
1206 3113 1286 3156 vere

233 3191 339 3258 erant,
357 3177 520 3238 contendit
533 3177 667 3262 probare
681 3177 741 3240 hoc
759 3193 962 3262 argumento,
980 3181 1121 3262 potuisse
1137 3199 1204 3240 esse
1219 3179 1286 3241 sihi

271 3313 330 3372 129·
340 3301 402 3352 Non
412 3301 479 3366 tola,
488 3322 536 3356 rece
546 3303 616 3377 iynes
625 3305 735 3375 Exspec·
777 3305 813 3356 tt.
826 3305 884 3356 Hoc
896 3305 995 3357 falsum
1005 3317 1045 3356 est
1055 3301 1128 3374 qnod
1138 3301 1203 3354 dicit
1210 3304 1285 3356 Tur-

234 3379 419 3432 euronotus.
432 3382 494 3434 Non
504 3396 658 3454 exspectant
669 3385 734 3435 'iim-
777 3402 848 3438 nus:
868 3385 916 3438 sed
934 3387 961 3436 in
984 3397 1040 3436 erte
1060 3383 1196 3435 rhetorico
1214 3396 1285 3437 tunc

230 3457 342 3526 jacim
352 3457 511 3512 Rutulorum
521 3463 627 3532 Quibus
640 3476 686 3516 sut
695 3476 735 3516 te·v
778 3465 858 3517 nobis
882 3463 1038 3516 conceditur
1061 3463 1100 3514 nti
1123 3459 1283 3532 mardonio,

232 3535 265 3590 lis
277 3549 405 3608 perenm,
413 3542 465 3610 rqui
471 3543 526 3610 jem
536 3546 644 3596 navium
654 3546 734 3597 amis-
778 3564 860 3616 quun
868 3544 1028 3618 redarguere
1037 3543 1127 3594 nunus
1136 3554 1239 3612 potestte
1250 3554 1282 3596 ut

233 3618 308 3670 stone
319 3618 466 3688 perierunt.
478 3623 546 3673 Serv.
776 3625 805 3676 in
814 3624 866 3676 hoc
875 3624 953 3676 iecor
966 3626 1024 3695 quis
1032 3625 1103 3676 enim
1109 3634 1200 3693 potest
1209 3627 1282 3677 scire

268 3697 328 3750 131.
342 3699 439 3750 flamm
450 3700 603 3770 panchea
618 3703 730 3758 admo.
764 3707 799 3756 'si
809 3705 900 3756 Turno
911 3723 972 3756 vere
980 3702 1112 3767 datatim,
1121 3719 1280 3769 neonem*

232 3771 602 3843 ldescnemraerornmznem
608 3781 732 3836 humane
776 3785 878 3854 ponsa?
894 3781 964 3836 Sans
974 3783 1040 3853 qnia
1050 3783 1100 3833 scit
1108 3781 1208 3833 falsum
1218 3799 1277 3837 esse

231 3865 333 3910 nature
360 3855 415 3908 duo
442 3857 574 3912 elementa
604 3881 731 3918 concesso
777 3861 1278 3934 qnodloquiosr,nrgumentisprohare

232 3943 307 3996 sunt.
318 3948 428 3988 marest
440 3949 518 3991 terre.
526 3939 598 3992 Sere.
776 3943 849 3996 dicta
861 3941 1012 4010 contendit,
1020 3941 1180 3996 dicentem
1190 3943 1274 3996 scete·

272 4011 329 4066 136.
339 4015 408 4070 Sunt
416 4026 441 4067 et
449 4035 507 4070 mea
515 4030 605 4072 contra
611 4022 676 4074 Fata
684 4023 732 4074 mi·
776 4035 862 4078 rotam
874 4035 994 4096 gentem,
1006 4033 1112 4094 raptam
1121 4022 1172 4075 sibi
1181 4026 1277 4092 oenjm
