2720 4588
321 333 373 396 IN
397 333 633 399 AENEIDOS
656 336 749 398 ΗΒ.
773 337 859 400 XII.
1018 329 1109 401 '233

72 465 126 513 tur.
145 455 193 514 lta
209 456 318 516 AEneas
332 469 363 515 et
373 458 496 515 Turnus
509 471 584 516 eunt
600 478 664 516 non
681 461 796 538 sequius
808 481 864 539 per
874 459 995 540 praelis,
1009 471 1038 518 et
1050 458 1111 519 illis

73 543 152 601 intus
166 543 211 602 ira
215 543 362 626 fluctuat:
380 559 504 604 notetur
519 559 649 628 utraque
661 567 734 618 νοις
750 549 850 627 prima
863 551 977 629 sequius
988 547 1112 626 respicit

72 635 340 712 comparationem
359 627 459 713 ignis:
478 637 578 714 segnis
591 636 674 693 enim
694 638 780 714 quasi
798 637 864 695 sine
885 638 958 717 igne
974 636 1110 696 dicitur:

9 779 10 800 ,
73 741 142 801 ergo
164 737 241 783 eunt
260 725 333 802 igne
353 744 419 782 non
437 726 579 804 segnius:
601 724 835 808 alterastuctuat
847 727 1112 807 comparationem

9 811 10 826 ²
72 813 183 870 amnis:
194 814 298 894 pergit
310 822 401 894 poeta
415 814 558 872 insistens
569 814 668 873 eidem
680 815 722 872 rei
729 858 737 887 ,
749 830 923 895 rumpuntur
929 821 1024 876 nescia
1035 815 1112 874 vinci

70 913 196 978 pectora,
208 915 242 960 ut
254 904 350 961 nescit
361 903 443 961 vinci
458 904 539 982 ignis
552 904 660 962 omnia
671 902 804 962 domans
818 926 824 960 :
839 927 918 965 nunc
928 909 993 965 totis
1005 908 1035 964 in
1048 899 1111 963 uul-

72 1009 138 1046 nera
148 988 339 1063 viridissime,
354 1003 390 1048 ut
402 1005 476 1049 eunt
488 1011 593 1050 amnes
608 993 781 1072 precipites
792 1013 848 1072 per
862 995 999 1073 patentia
1011 993 1091 1050 loca.

108 1075 176 1155 529.
190 1075 308 1136 Probat
327 1076 392 1158 jam
412 1099 444 1136 re
460 1075 517 1138 bos
530 1077 609 1138 duos
629 1081 728 1153 viros,
741 1080 845 1158 ignem
865 1079 973 1153 fuisse,
989 1097 1112 1136 amnem

71 1163 178 1239 fuisse3
198 1169 303 1248 primo
316 1167 355 1226 de
368 1169 477 1242 AEnea,
491 1167 602 1226 deinde
614 1167 653 1226 de
661 1171 778 1252 Turno.
791 1171 901 1228 AEneas
915 1190 988 1249 ergo
998 1170 1115 1228 Murra·

72 1272 144 1312 num
160 1253 407 1333 gloriabundum
426 1255 464 1314 de
478 1257 590 1331 atavis,
603 1269 633 1316 et
653 1277 725 1315 avos
747 1271 980 1336 personantem,
996 1253 1114 1335 jactan-

9 1353 10 1388 1
70 1351 194 1419 temque
209 1354 311 1401 actum
332 1362 389 1423 per
402 1345 497 1424 Reges
510 1364 618 1402 omues
636 1345 764 1402 Latinos
781 1364 893 1424 genus,
908 1344 1026 1424 ingenti
1041 1362 1112 1400 saxo

70 1429 249 1510 (scopulum
265 1431 417 1512 appelles)
427 1434 603 1513 precipitem
617 1435 751 1492 excutite
765 1435 858 1508 rotis,
872 1446 907 1491 ut
919 1444 1021 1514 posset
1033 1431 1113 1509 iguis

70 1516 436 1603 fulmineus3q‘fisnditque
444 1520 516 1596 solo,
527 1534 562 1580 ut
573 1536 676 1602 posset
685 1523 786 1581 amnis
796 1543 935 1582 currens:
945 1541 1017 1580 nam
1027 1517 1115 1600 quid-

71 1609 100 1664 ni
113 1606 233 1667 alludat
246 1608 285 1668 ad
300 1611 474 1691 superiores
491 1612 572 1691 ignis
586 1624 616 1670 et
631 1611 719 1672 fluvii
735 1609 999 1693 comparationes?
1012 1611 1112 1670 carni-

71 1692 195 1754 ficinam
208 1711 466 1758 consummarunt
485 1713 561 1758 rotae
577 1713 606 1758 et
623 1691 695 1780 equi
714 1698 913 1772 dilacerantes
932 1697 1114 1781 proculcan-

72 1793 175 1862 tesque
186 1786 337 1844 miserum
352 1787 530 1846 dominum.

108 1873 174 1932 535.
189 1876 333 1954 Sequitur
339 1874 405 1956 jam
412 1879 516 1936 Turni·
523 1875 657 1950 facinus3
669 1898 742 1936 nam
753 1890 783 1936 et
793 1899 898 1959 supra,
910 1880 996 1960 inque
1004 1878 1112 1935 vicem:

72 1981 161 2043 ergo,
181 1963 235 2022 ille
250 1963 335 2026 dedit
353 1989 383 2026 se
400 1967 529 2028 obvium
544 1968 590 2027 Ilo
610 1969 714 2027 ruenti
732 1969 958 2032 inconsiderate
978 1988 1032 2048 per
1051 1985 1114 2024 me-

71 2049 151 2111 diam
167 2055 264 2112 aciem
272 2099 281 2128 ,
289 2069 320 2114 et
330 2055 474 2115 frementi
484 2077 635 2137 perquam
646 2059 843 2132 immaniter,
853 2079 917 2117 non
929 2057 1050 2130 animo,
1060 2053 1112 2113 sed

69 2144 189 2217 animis,
203 2165 286 2203 unus
301 2167 400 2226 quum
413 2159 491 2205 esset
506 2169 512 2204 :
528 2147 618 2206 torsit
633 2145 679 2205 illi
694 2147 792 2206 telum
805 2147 844 2205 ad
855 2161 994 2227 tempora
1005 2168 1011 2203 :
1022 2139 1113 2202 vodat

69 2225 131 2289 baec
146 2245 251 2300 aurata
268 2233 307 2290 ab
323 2234 467 2294 inaurata
481 2235 583 2315 galea,
599 2247 629 2293 et
648 2237 690 2293 ait
710 2235 750 2292 ad
764 2249 903 2314 tempora,
924 2235 996 2314 quia
1016 2245 1112 2290 trans·

70 2317 163 2378 fixum
176 2320 240 2380 telo
250 2334 353 2382 totum
366 2339 476 2406 caput3
492 2323 562 2384 ideo
576 2325 782 2405 sequiturfixo
795 2323 922 2382 cerebro:
934 2321 1059 2394 etvide,
1071 2341 1112 2376 an

70 2409 143 2468 ictus
157 2409 263 2487 fortis,
280 2434 353 2473 nam
364 2435 417 2495 per
426 2411 540 2494 galeam
555 2414 604 2470 via
619 2413 709 2471 facta.
727 2413 859 2470 Notetur
873 2423 901 2468 et
916 2407 1112 2468 concinnitas
1158 2433 1160 2436 ’

9 2565 10 2574 ,
69 2494 160 2576 digna
179 2497 242 2558 boc
254 2512 332 2560 vate.
348 2503 457 2560 AEneas
470 2498 657 2572 Murranum'
671 2498 885 2572 interiecerat,
901 2517 963 2577 quo
982 2495 1112 2554 nomine

69 2587 169 2646 Latini
184 2589 280 2668 Reges
300 2589 448 2670 appellati
467 2589 591 2650 fuerant
606 2611 612 2646 :
630 2587 696 2669 jam
714 2591 837 2646 Turnus
856 2585 936 2646 Ilum
952 2581 1112 2656 interficit,

70 2694 129 2753 quo
140 2677 272 2734 nomine
279 2677 453 2758 appellatus
465 2677 567 2754 fuerat
580 2679 641 2738 Rex
653 2676 752 2758 Trojae
761 2677 923 2744 maximus.
931 2676 1017 2754 Virg.
1028 2672 1112 2732 enim

69 2763 146 2843 ipse,
160 2763 296 2847 Ilusque,
322 2769 553 2850 Assaracusque,
569 2780 626 2827 etc.

9 2921 10 2928 χ
104 2849 1112 2934 538.TurnusCreteuminterficit,AEneasCupentnm,sedAEneae

9 2947 10 2952 ’
68 2939 166 3021 major
176 2943 275 3002 virtus
289 2967 295 3001 :
309 2965 381 3004 nam
397 2944 551 3004 fortitudo
564 2965 629 3002 non
642 2943 758 3022 eripuit
772 2943 915 3000 Creteum
924 2937 1045 3007 Turn03
1059 2934 1112 2994 sed
1147 2985 1149 2989 .

9 3083 10 3098 ,
68 3028 116 3086 Dii
128 3033 177 3090 sui
192 3051 258 3090 non
274 3033 451 3111 Cupentum
471 3033 651 3112 eripuerunt
665 3032 783 3102 AEneae3
802 3028 854 3086 sed
872 3048 928 3086 nec
943 3041 1112 3102 armapro-

67 3115 164 3193 luere3
181 3139 255 3177 narn
271 3141 326 3200 per
338 3121 478 3180 medium
492 3117 635 3201 clypeum
650 3117 753 3177 illatus
766 3117 855 3175 ictus.

9 3257 10 3268 ,
106 3205 173 3280 542.
189 3207 336 3286 Sequitur
350 3225 433 3267 mors
447 3207 554 3281 AEtoli,
569 3227 661 3288 quam
679 3206 793 3285 tragice
806 3202 953 3262 describit
964 3213 1070 3281 poeta,
1083 3209 1113 3256 et

68 3313 136 3353 cum
148 3293 328 3372 affectibus,
340 3317 442 3378 neque
455 3315 528 3356 vero
542 3299 687 3365 nominat
700 3311 923 3376 percussorem,
936 3287 1031 3348 sedin
1046 3287 1112 3346 acie

100 3487 160 3554 534.
174 3489 231 3542 Nec
242 3507 386 3540 memorum
398 3490 500 3540 domini
509 3509 568 3561 pro·
648 3489 707 3556 540.
716 3489 770 3541 Sui.
779 3487 823 3538 Dii
831 3485 911 3538 nostri
920 3483 1054 3548 dicuntur,
1065 3485 1113 3552 qui
1161 3531 1162 3536 ,

66 3565 150 3618 niteat
164 3586 301 3640 equorum.
319 3569 460 3642 Egregium
477 3568 567 3631 πάθος,
611 3559 689 3620 nobis
698 3568 808 3640 propitii
817 3567 924 3617 favent:
935 3562 1051 3614 Turneb.
1060 3562 1111 3629 lX,

67 3649 127 3718 quia
146 3667 235 3718 neque
261 3649 313 3720 ipsi
339 3653 401 3720 equi
422 3651 566 3702 meminere
612 3641 1112 3700 30.ltaPersiusSat.5:0‹Saturnutn-

66 3745 123 3776 eum
141 3746 199 3780 esse
216 3745 293 3779 suurn
308 3729 454 3782 dominum.
475 3733 566 3802 Aquo
613 3749 665 3800 que
685 3747 793 3802 gravem
811 3740 903 3778 nostro
923 3725 989 3776 Jove
1009 3725 1112 3794 frangi·

67 3808 163 3860 affectu
181 3827 237 3860 non
255 3809 311 3862 abit
330 3811 493 3880 Ovidianus,
513 3831 567 3884 quo
612 3827 670 3860 mus
681 3833 709 3877 n,
721 3807 813 3872 idest,
826 3805 905 3857 nobis
918 3804 1044 3884 propitio.
1058 3804 1111 3853 Te-

67 3887 215 3956 proclamat
225 3890 305 3940 miser
316 3909 332 3942 a
344 3891 455 3942 canibus
468 3890 568 3946 lacera·
611 3891 728 3943 rentius:
744 3912 754 3935 u
765 3887 875 3939 Memini
883 3885 998 3954 relinqui
1006 3884 1112 3934 meDeo
1139 3945 1144 3950 ι

68 3977 106 4016 tus
115 3985 150 4030 :J
161 3968 272 4019 Actaeon
282 3988 332 4041 ego
342 3988 413 4032 sum;
427 3970 565 4026 dominum
610 3974 679 4023 irato
692 3987 761 4020 meo.
772 3993 782 4016 n
795 3966 896 4040 Singuli
907 3966 975 4018 enirn
986 3963 1113 4034 proprios

68 4049 218 4120 ⁶⁰5110³cite
230 4049 355 4104 vestrum.
368 4073 379 4096 u
397 4051 485 4103 Cerdo.
610 4050 710 4104 habere
722 4049 792 4126 Deos
803 4046 989 4101 credebantur.
1001 4040 1112 4096 Taub'm„
