2704 4582
187 315 191 322 ’
230 341 289 386 122
556 323 938 392 COMMENTARIA

227 442 324 504 inanis
336 447 368 505 in
380 457 469 506 tanto
479 444 554 506 belli
567 445 710 507 fervore?
722 468 819 528 quum
831 448 999 529 praesertim
1011 447 1136 525 dixerit,
1148 448 1273 508 nullam

225 526 319 591 fuisse
333 534 456 614 fugam,
471 551 501 595 et
514 556 622 596 omnes
640 533 774 596 caedibus
787 539 912 597 instare.
928 539 999 597 Non
1018 537 1116 617 placet
1128 541 1271 612 Servius,

224 637 289 678 non
306 622 377 682 alii:
400 626 520 706 explico
534 628 606 684 iram
623 627 757 698 inanem,
777 639 844 684 turn
865 628 939 709 quia
958 627 1100 688 necunde
1117 624 1273 686 allucebat

224 706 370 785 victoria,
390 711 533 794 nihilque
552 712 774 794 proficiebatur
790 717 823 773 in
843 729 931 774 tanto
947 715 1132 775 mortalium
1146 714 1270 786 labore,

224 807 357 878 utraque
376 803 442 860 acie
464 822 552 883 aeque
570 803 747 876 resistente3
777 804 884 884 itaque
903 817 1014 864 neutra
1037 806 1119 864 acies
1137 805 1269 867 victrix,

224 899 337 945 neutra
349 891 445 964 victa;
465 889 554 953 labor
566 912 639 972 ergo
651 889 722 965 hic,
741 893 862 951 etiamsi
875 913 1033 966 summus,
1052 907 1137 952 certe
1149 892 1268 951 inanis:

227 981 293 1030 turn
306 977 394 1056 quia,
410 979 462 1058 qui
476 977 638 1052 credebant,
655 979 749 1037 etiam
761 978 884 1039 ruebant
889 1004 900 1052 ,·
913 983 968 1062 qui
982 981 1121 1061 primum
1133 982 1268 1048 victores,

224 1076 297 1115 mox
314 1063 382 1122 victi
391 1088 400 1122 :
419 1065 525 1146 itaque
537 1067 672 1125 inaniter
683 1064 773 1126 labor
785 1066 837 1126 ille
850 1070 1087 1149 suscipiebatur,
1105 1069 1197 1147 quia,
1217 1065 1271 1145 qui

223 1145 321 1292 vigam
331 1171 416 1212 suam
428 1153 574 1215 tuebatur
583 1177 656 1216 cum
666 1176 781 1236 magno
792 1154 918 1233 labore,
933 1156 1068 1217 breviter
1078 1155 1166 1216 illam
1179 1155 1270 1212 arnit-

225 1243 255 1291 te
279 1249 318 1295 at.

265 1344 331 1422 760.
343 1341 447 1410 Venus
457 1367 575 1434 spectat
585 1355 794 1436 proTrojanis
806 1353 956 1429 sollicita,
966 1357 1050 1414 Juno
1060 1374 1119 1435 pro
1129 1348 1270 1422 Rutulis,
1283 1361 1286 1372 '

223 1428 393 1512 Tisiphone
403 1454 567 1522 utramque
573 1446 673 1502 aciem
685 1445 776 1503 acuit.
787 1445 856 1503 Non
865 1445 965 1524 probo
974 1445 1128 1516 Servium,
1139 1443 1195 1522 qui
1206 1459 1270 1498 non

225 1520 340 1600 accipit
355 1545 458 1586 veram
471 1531 613 1605 Furiam,
634 1531 687 1589 sed
704 1545 828 1589 tantum
846 1530 992 1590 furialem
1008 1529 1172 1588 ardorem:
1189 1539 1273 1584 certe

224 1625 260 1661 ex
272 1609 495 1691 conjunctione
508 1621 635 1678 Veneris
648 1632 678 1678 et
688 1621 706 1678 J
710 1621 825 1678 unonis
843 1622 947 1700 aptius
960 1633 1023 1694 est,
1041 1631 1076 1677 ut
1091 1638 1165 1675 vera
1177 1615 1273 1673 Furia

225 1691 436 1779 intelligatur:
458 1705 537 1764 nihil
555 1722 658 1766 tamen
676 1721 798 1788 pugnat
810 1727 866 1788 per
880 1706 962 1765 hanc
975 1705 1109 1786 intelligi
1122 1704 1273 1764 affectum

225 1780 287 1840 irae.
303 1787 426 1849 Dicitur
435 1791 562 1872 pallida,
578 1809 645 1854 tum
660 1815 678 1852 a
692 1793 813 1876 pallore
828 1796 1046 1871 morientium,
1061 1815 1141 1876 quos
1155 1795 1223 1874 ipsa
1239 1792 1273 1848 iu

224 1869 322 1930 caedes
336 1875 487 1957 impellit3
502 1895 569 1940 tum
583 1884 655 1962 quia
667 1882 777 1942 furiosi
792 1881 921 1963 pallent.

264 1975 331 2054 762.
350 1982 421 2040 Jam
438 1998 505 2042 tum
517 1987 687 2046 Mezentius
700 2009 731 2060 se
746 1987 832 2047 dedit
849 1989 883 2047 in
896 1987 1035 2052 medium
1046 1985 1184 2048 bellum:
1208 1991 1271 2044 ete-

195 2117 200 2124 .
223 2063 307 2138 nim,
322 2081 357 2126 ut
369 2088 496 2153 apparet
509 2095 545 2134 ex
557 2077 683 2158 poetico
696 2096 840 2150 excursu,
860 2073 1010 2136 hactenus
1026 2073 1079 2134 ille
1092 2075 1188 2134 veluti
1201 2093 1272 2132 oras

224 2158 327 2236 campi
345 2159 503 2239 ambibat,
515 2181 666 2226 extremas
680 2169 779 2226 acies:
799 2187 874 2226 nam
887 2181 1009 2226 tantum
1023 2185 1135 2247 pugnae
1149 2183 1270 2224 succes-

224 2258 317 2320 serat,
328 2249 461 2313 Teucros
472 2255 640 2329 invaserat3
651 2249 789 2316 Orodem
800 2254 996 2316 interfecerat
1005 2254 1179 2336 fugientem
1191 2251 1269 2332 :jam

224 2352 309 2393 nunc
326 2339 463 2401 medium
478 2363 624 2426 campum
637 2346 813 2426 ingreditur
827 2347 910 2404 inter
924 2358 1010 2403 vasta
1025 2363 1201 2409 armorum,
1216 2354 1273 2399 tur·
1296 2377 1298 2382 ·

224 2418 306 2482 bidus
314 2446 378 2506 prae
388 2431 450 2506 ira,
466 2446 495 2494 et
508 2432 621 2494 hastam
632 2438 779 2516 quatiens,
795 2447 825 2493 et
836 2432 915 2492 hanc
926 2435 1089 2514 ingentem,
1102 2452 1168 2490 non
1181 2427 1273 2488 aliter

213 2523 316 2591 -atque
327 2515 425 2577 Orion
437 2541 492 2600 per
502 2522 641 2596 medium
652 2521 779 2603 pelagus
791 2525 974 2604 proceritate
985 2522 1119 2579 maxima
1131 2529 1273 2600 spectan-

222 2596 300 2659 dus:
317 2610 476 2668 autetiam
489 2632 602 2669 ornum
615 2611 785 2684 referebat,
800 2632 869 2692 quae
882 2633 993 2672 annosa
1008 2611 1041 2670 in
1054 2609 1175 2669 summis
1189 2627 1272 2664 mon·

224 2685 311 2762 libat,
327 2706 357 2751 et
368 2716 431 2774 prae
444 2696 539 2778 longo
553 2721 620 2759 aevo
633 2699 790 2760 radicibus
804 2703 837 2760 in
852 2703 951 2760 imum
964 2699 1065 2759 solum
1079 2695 1271 2778 ingreditur,

222 2778 324 2856 capite
339 2779 371 2838 in
386 2803 524 2844 summas
540 2787 647 2845 nubes.
662 2787 767 2846 Talem
783 2788 866 2869 finge
879 2790 1084 2861 Mezentium,
1100 2801 1132 2845 et
1145 2787 1233 2868 infert
1243 2804 1272 2841 se

224 2863 316 2925 verbo
336 2865 442 2931 lethali
460 2885 491 2932 et
508 2875 688 2950 mortifero,
715 2890 750 2935 ut
766 2875 920 2957 hincjam
940 2876 1077 2952 divineS,
1103 2895 1200 2956 quarn
1219 2870 1272 2931 ille

223 2952 331 3014 multis
348 2960 488 3020 exitialis.
509 2965 618 3046 ltaque
630 2965 759 3044 reliquae
773 2967 1040 3046 comparationes,
1055 2984 1124 3044 quae
1140 2982 1269 3044 praeces-

223 3059 347 3122 serunt,
371 3063 492 3110 tantum
512 3053 669 3129 indicant,
694 3056 883 3114 Mezentium
905 3068 1059 3114 versatum
1079 3054 1112 3112 in
1134 3066 1270 3111 extrema

223 3133 287 3191 acie
298 3156 304 3190 :
321 3150 356 3196 ut
368 3129 535 3222 scopirlus;
550 3159 584 3202 ut
596 3164 685 3223 aper3
701 3143 754 3203 ille
766 3143 850 3204 solus
863 3157 892 3203 et
904 3145 936 3202 in
948 3157 1084 3204 extremo
1094 3142 1188 3201 litore
1198 3163 1270 3200 con·

222 3231 268 3277 tra
291 3244 399 3287 omnes
422 3230 539 3306 undas,
567 3230 619 3290 hic
638 3231 723 3291 solus
744 3248 851 3292 contra
872 3254 979 3293 omnes
999 3245 1178 3291 venatores:
1204 3228 1269 3310 jam

223 3329 324 3385 nunc,
339 3329 374 3373 ut
387 3319 478 3379 Orion
490 3321 598 3401 incedit
609 3335 775 3404 perstetque
790 3323 877 3382 medii
888 3325 992 3394 Nerei,
1011 3323 1055 3380 ita
1072 3319 1124 3378 ille
1136 3339 1193 3400 per
1205 3339 1268 3378 me-

223 3395 311 3458 dium
327 3423 484 3486 campum.
503 3411 558 3469 Est
574 3423 604 3469 et
615 3409 720 3486 aliud,
740 3411 825 3492 quod
840 3409 1015 3471 consideres
1030 3413 1063 3468 in
1077 3407 1125 3467 his
1140 3429 1269 3488 compa-

223 3489 413 3568 rationibus,
427 3497 512 3575 quod
525 3501 631 3558 nescio
645 3522 683 3558 an
697 3502 827 3560 assecuti
840 3502 1043 3581 interpretes,
1056 3498 1111 3578 qui
1124 3511 1198 3556 ante
1210 3518 1269 3555 me.

224 3577 279 3634 Est
291 3576 406 3651 Orion,
425 3597 470 3641 est
484 3604 597 3646 ornus:
617 3587 670 3647 ille
686 3587 802 3648 incedit
813 3610 869 3670 per
880 3587 1019 3647 medium
1033 3599 1185 3668 pontum,
1206 3583 1270 3644 haec

228 3665 327 3742 tangit
341 3665 459 3727 nubila.
480 3673 580 3753 Erg0,
595 3677 694 3735 Orion
707 3689 754 3735 est
768 3679 951 3752 Mezentius,
971 3695 1066 3735 ornus
1082 3671 1149 3753 ejus
1164 3672 1270 3746 hasta,

227 3755 473 3835 quamingcntem
480 3759 1089 3845 luissesignatedicitpoeta:atqueadeo
1098 3783 1133 3820 ex
1142 3763 1270 3836 Orione,

227 3855 258 3900 et
276 3862 312 3900 ex
330 3863 409 3904 orno
428 3847 514 3908 vides
534 3852 685 3933 integram
707 3854 1012 3934 repraesentationem
1030 3851 1180 3910 Mezentii
1199 3870 1269 3910 curn

225 3933 341 4010 ingenti
355 3931 451 3994 hasta.
473 3937 656 4016 Hincvide,
678 3963 770 4022 quam
789 3943 897 4000 leviter
913 3943 967 4000 alii
985 3955 1169 4021 percurrant
1183 3938 1269 3998 hunc

227 4019 348 4080 Vatum.
372 4021 468 4082 Porro
486 4024 628 4086 fabulam
647 4031 774 4090 Orionis
793 4027 888 4088 habes
907 4030 940 4088 in
959 4029 1080 4102 Servio,
1103 4026 1269 4099 Turnebo,
