2704 4582
215 301 274 390 'ss
560 299 941 364 couusurlnrn

229 437 356 492 notetur
371 433 555 502 apparatus,
581 432 611 478 et
627 417 793 501 descriptio
812 418 875 480 diei
894 419 1107 498 adventantis,
1133 421 1301 482 abeuntis

229 513 340 572 noctis.
369 535 372 542 ¹

267 601 334 660 258.
354 595 504 658 Praeclare
526 594 579 656 dat
598 588 733 679 principi
754 598 859 671 AEnete,
873 597 1013 675 ,militare
1032 599 1192 660 edictum:
1221 599 1299 659 hoc

229 691 338 772 triplex
347 700 541 768 ,sequantur
552 687 657 767 signa3
676 699 787 768 parent
799 688 935 760 animos3
958 704 1068 770 parent
1081 711 1168 750 arma
1182 713 1189 748 :
1212 688 1299 750 haec

227 793 271 840 est
283 779 451 852 sententia,
467 777 607 858 quamvis
623 776 764 836 videatur
778 776 866 835 aliter
880 774 1020 858 abjungi.

252 868 334 928 ubo.
350 869 453 944 Quum
464 864 529 944 jam
543 885 613 924 suos
626 867 735 925 AEneas
747 867 780 924 in
792 879 959 946 conspectu
976 865 1105 942 habuit,
1125 868 1294 950 clypeum

226 979 242 1018 e
255 958 353 1040 puppi
367 956 421 1016 ubi
436 967 514 1032 erat,
534 953 661 1014 extulit:
680 957 734 1036 qui
750 971 848 1036 quum
862 969 938 1015 esset
954 956 1225 1037 fulgentissimus,
1250 975 1297 1013 ac

223 1047 355 1130 proinde
369 1050 449 1106 visus
462 1066 480 1105 a
491 1044 647 1127 Trojanis,
664 1047 719 1127 qui
731 1057 818 1105 eraut
828 1046 861 1104 in
874 1047 986 1121 muris,
1000 1045 1171 1106 clamorem
1184 1044 1295 1106 attol-

224 1138 310 1210 lunt3
326 1149 356 1196 et
367 1155 423 1217 spe
435 1137 613 1216 propinqua
627 1135 781 1195 ferociunt
791 1137 823 1193 in
835 1136 966 1214 majores
979 1137 1053 1212 iras,
1069 1137 1187 1216 quibus
1199 1137 1295 1195 exci-

223 1227 279 1286 tati
294 1225 455 1306 complura
469 1225 532 1283 tela
547 1225 579 1284 in
596 1223 716 1284 bostem
729 1221 858 1304 jaciunt.
874 1223 1010 1284 Adducit
1024 1245 1098 1284 vero
1113 1245 1294 1306 compara-

223 1317 341 1374 tionem
353 1314 497 1373 clamoris
507 1314 630 1372 excitati
643 1311 683 1371 ab
695 1311 756 1372 illis
770 1327 801 1372 et
811 1313 921 1372 subitae
931 1312 1062 1389 laetitiae,
1076 1313 1115 1371 ab
1126 1312 1269 1394 gruibus
1283 1357 1294 1386 ,

225 1420 295 1482 quae
314 1408 413 1483 q'uum
430 1422 464 1461 cx
481 1400 553 1460 loco
573 1402 608 1461 in
630 1401 735 1468 locum¹
752 1403 905 1482 migrant,
926 1399 1062 1460 clamore
1083 1403 1225 1460 maximo
1256 1412 1295 1460 et

222 1492 325 1550 souitu
335 1491 480 1551 feruntur
490 1511 545 1570 pec
557 1509 666 1551 aerem.
682 1493 779 1550 Vocat
791 1490 958 1550 clamorem
975 1489 1134 1550 secuudum
1142 1535 1153 1563 ,
1169 1488 1288 1563 idest,

221 1579 346 1656 laetum,
369 1594 405 1639 ut
428 1579 560 1660 quadret
579 1601 651 1640 cum
674 1578 866 1640 laetabundis
887 1580 1044 1660 Troianis.
1067 1577 1148 1638 Vide
1169 1589 1291 1652 notas,

222 1687 293 1749 pag.
310 1669 381 1741 125,
397 1667 459 1728 vol.
472 1669 524 1725 lV.
1030 1661 1032 1664 ’

241 1789 244 1796 Δ
262 1759 330 1838 ²⁶7⁸
344 1757 452 1835 Stupet
462 1757 602 1829 Turnus,
617 1769 647 1814 et
656 1755 871 1838 reliquiduces
884 1754 923 1814 od
936 1753 1105 1815 clamorem
1118 1755 1231 1829 istum,
1249 1767 1287 1814 et

222 1847 356 1908 subitam
367 1845 524 1920 laetitiam
535 1849 681 1927 ignorant
691 1867 832 1922 causam,
845 1847 946 1907 donec
958 1848 1145 1928 respiciunt,
1159 1867 1197 1906 ac
1206 1861 1284 1906 tum

218 1928 329 1996 ‘vident
351 1957 471 2017 puppes
488 1938 628 1995 converti
648 1937 686 1996 ad
706 1937 817 2011 litora,
845 1952 876 1996 et
894 1957 979 1998 mare
999 1938 1102 2018 ipsum
1122 1957 1190 1996 non
1210 1951 1285 1996 tam

221 2023 315 2082 undis
327 2036 434 2082 contra
448 2041 495 2095 se,
516 2041 611 2103 quam
623 2022 782 2106 puppibus
794 2022 918 2084 adlabi:
941 2023 1008 2098 vel,
1029 2025 1054 2083 si
1069 2026 1184 2097 mavis,
1205 2045 1284 2105 pro·

223 2115 290 2194 prie
303 2111 423 2193 explica
436 2136 442 2171 t
459 2133 544 2172 mare
554 2112 726 2188 adlabitur,
737 2115 810 2194 quia
822 2134 931 2189 naves,
943 2113 1156 2194 quum'secant
1169 2133 1282 2189 mare,

221 2202 403 2284 propellunt
418 2216 488 2263 ante
502 2224 533 2262 se
549 2203 665 2278 undas,
679 2218 710 2264 et
722 2204 832 2264 lluctus
844 2204 1069 2285 agglomerant.
1156 2239 1160 2246 ·

261 2289 327 2374 270'.
339 2294 382 2351 Ex
393 2294 553 2353 occasione
562 2293 708 2354 describit
717 2305 808 2375 poeta'
816 2294 972 2374 fulgorem
985 2311 1143 2354 armorum
1156 2291 1278 2366 AEneae,

220 2376 362 2441 videlicet
375 2382 486 2462 apicis,
506 2383 686 2457 cristarum,
706 2381 825 2464 clypei:
846 2403 923 2464 apex
939 2381 1042 2455 ardet3
1062 2381 1167 2440 cristae
1183 2377 1278 2438 llam-

221 2515 366 2566 maturam,
375 2503 402 2554 id
412 2517 459 2570 est,
469 2505 576 2576 plenam
586 2528 592 2556 ι
601 2527 662 2559 nam
670 2527 720 2558 nec
801 2507 860 2560 265.
879 2507 1034 2578 Strymonius
1048 2524 1131 2580 prater.
1151 2502 1176 2553 A
1188 2501 1275 2554 fluvio

222 2581 421 2648 crepusculum,
434 2583 480 2634 sed
492 2583 538 2635 lux
547 2585 603 2653 jam
615 2598 720 2637 matura
764 2587 884 2640 Thraciae
894 2586 1043 2659 Strymone,
1049 2587 1125 2654 juxta
1134 2602 1216 2654 quem
1224 2581 1277 2634 ha·

221 2657 389 2709 describitur.
407 2689 442 2699 -
459 2661 594 2712 Revoluta.
613 2662 644 2712 ld
666 2680 719 2732 est,
764 2665 860 2718 bitant.
868 2669 931 2717 Haec
939 2670 1028 2718 autem
1037 2664 1208 2734 comparatio
1216 2679 1275 2712 non

221 2749 328 2806 aperta:
340 2737 409 2787 sicut
420 2756 435 2788 e
446 2741 581 2790 contrario
594 2742 667 2810 quod
679 2745 720 2794 in·
765 2745 799 2796 ad
816 2746 931 2797 telorum
950 2747 1067 2816 pertinet
1083 2746 1203 2812 jactum,
1224 2741 1275 2792 sed

220 2815 335 2867 uoluitur
355 2814 475 2866 clausurn
498 2828 545 2868 est.
563 2837 597 2856 ⁵-
611 2821 717 2872 Ruebat.
764 2821 1286 2894 adTrojunorumclamorem.--Dcmt=

220 2893 437 2958 Nonoccidebat,
447 2893 494 2946 sed
503 2895 649 2960 oriebatur,
658 2916 718 2952 cum
762 2905 835 2972 signa
852 2923 940 2973 praes,
960 2915 1007 2959 etc.
1029 2902 1134 2960 indicat
1154 2901 1231 2966 loca,
1257 2919 1275 2952 a

220 2977 321 3044 impetu
330 2972 468 3039 veniebat,
482 2976 545 3044 quia
553 2994 602 3046 per
612 2977 717 3028 orbem:
764 2979 860 3048 quibus
879 2982 957 3034 etad
974 3000 1031 3052 quae
1047 2999 1124 3052 putes
1141 2981 1273 3050 migrant.

220 3067 263 3119 ut,
285 3055 338 3104 «Et
356 3055 410 3114 ruit
427 3055 537 3106 Oceano
557 3073 610 3104 nox
622 3078 632 3101 n
644 3077 651 3104 ι
672 3056 718 3106 Est
763 3055 822 3108 vid.
835 3060 942 3112 omnino
954 3061 1020 3112 Plin.
1031 3061 1098 3122 Hist.
1108 3060 1171 3126 llat-
1181 3059 1216 3122 X,
1225 3058 1272 3122 23,

221 3147 308 3185 autem
325 3131 560 3208 hystoroproteron
577 3136 605 3184 in
622 3153 716 3186 seusu:
763 3135 834 3190 etde
847 3155 939 3188 eorum
956 3156 1017 3190 cum
1033 3133 1161 3210 Pygmaeis
1178 3152 1273 3204 pugna

222 3227 283 3264 ante
295 3215 366 3262 enim
378 3225 431 3276 est,
443 3226 473 3264 ut
485 3231 538 3264 nox
550 3215 673 3286 fugetur,
692 3227 718 3266 et
762 3216 822 3281 Vll,
835 3234 857 3268 a.
866 3219 1022 3288 -AEquora
1033 3224 1147 3265 tranant.
1157 3211 1201 3264 Sic
1209 3215 1270 3266 AEn.

165 3309 167 3314 ·
221 3293 259 3342 sic
270 3290 316 3341 lux
326 3289 458 3340 adventet.
469 3294 539 3343 Serv.
761 3293 806 3359 lv,
830 3319 840 3341 u
850 3295 943 3347 nubila
953 3301 1050 3348 tranat.
1062 3317 1073 3340 n
1096 3295 1151 3358 lta,
1174 3317 1186 3340 α
1196 3293 1272 3344 Nare

257 3368 579 3437 atufflicitltstedicere,
589 3391 648 3423 cum
658 3391 719 3424 auc·
761 3391 825 3446 apes
838 3376 873 3427 ad
885 3375 973 3426 sidera
985 3374 1043 3425 caeli
1054 3396 1082 3437 n,
1096 3372 1174 3423 dixit.
1194 3371 1269 3424 Con-

221 3449 326 3499 toritate
342 3446 445 3516 aliquid
458 3441 604 3500 curandum
612 3451 715 3520 jubere·
761 3466 815 3520 tra,
829 3455 938 3521 Velare,
951 3455 985 3507 de
997 3453 1127 3518 navibus,
1142 3454 1202 3504 AEn.
1217 3455 1268 3516 111;

220 3527 348 3597 -Sipua
359 3537 504 3596 sequantur.
517 3529 565 3581 Vel
577 3531 716 3600 tubarum,
760 3524 828 3586 Scal.
849 3536 895 3599 lV,
918 3535 961 3597 16;
980 3533 1041 3586 ride
1067 3523 1146 3584 notas
1163 3534 1225 3584 AEn.
1241 3536 1267 3601 1,

220 3606 261 3658 vel
271 3619 391 3671 tesserae,
401 3605 445 3658 tel
454 3625 482 3658 re
491 3625 554 3661 vara
563 3612 639 3682 signa
647 3612 717 3664 mili-
760 3611 826 3679 224,
845 3635 856 3660 ι
866 3625 893 3664 et
904 3631 978 3666 mare
988 3611 1142 3664 velivolum.
1154 3635 1166 3658 u

220 3684 380 3735 wiffent-
438 3694 440 3702 '
796 3709 855 3761 ²7⁰·
872 3691 954 3743 Ardet
969 3708 1036 3764 apes
1050 3691 1142 3764 capiti.
1168 3691 1209 3742 Ex
1226 3709 1268 3745 se·

252 3761 602 3833 &summoueantur-ts,
613 3768 716 3821 eccos·
761 3769 902 3841 questibus
919 3769 1093 3842 intelligimus
1111 3770 1202 3823 AEneae
1220 3789 1266 3823 er-

219 3843 306 3895 tendit
322 3839 387 3911 quid
403 3846 487 3911 possit
498 3862 574 3916 spes:
590 3865 653 3900 nam
670 3851 715 3920 qui
760 3863 864 3900 morsm
878 3846 935 3898 fieri
948 3847 1179 3920 descriptionem:
1201 3868 1266 3902 nam

218 3934 291 3974 metu
298 3919 527 3990 fugiebant,nunc
535 3944 581 3998 spe
589 3929 618 3980 in
624 3927 714 3981 hostes
759 3927 877 3984 dicturus
889 3941 941 3994 est,
956 3930 1077 3980 autnon
1086 3928 1186 3982 audaci
1196 3931 1265 3983 Tur-

218 4001 367 4073 insurpunt.
382 4000 477 4055 Donat.
758 4024 795 4068 no
804 4005 902 4060 fiducie
912 4009 1011 4062 cessit·
1022 4029 1029 4061 ι
1039 4008 1102 4062 lieet
1110 4007 1262 4064 talianum
