2742 4596
237 269 303 353 384
486 269 520 332 Ρ.
547 267 777 332 VIRGILII
800 267 1033 337 MARONIS

238 395 330 479 genio
343 394 451 467 altius,
464 393 511 452 illi
527 413 595 452 aras
610 403 738 466 statuat,
753 404 788 452 ut
800 406 963 474 poetarum
976 393 1053 456 Deo.
1068 397 1139 455 Huc
1152 398 1280 477 pertinet

239 487 300 546 dici
315 486 354 544 ab
369 485 480 544 Seneca
493 483 592 564 Epist.
610 483 665 542 108
681 503 803 541 carmen
814 484 936 564 Virgilii
949 482 1062 546 debere
1071 485 1209 566 placere,
1219 498 1277 544 tuu-

236 597 325 659 quam
345 577 464 634 mr'ssum
484 570 612 632 oraculo.
634 570 768 632 Caelestis
788 570 905 632 dicitur
922 573 961 633 ab
980 575 1148 657 Scaligero,
1165 575 1278 647 Plinio,

236 663 411 735 Macrob'io,
428 658 634 736 Quintiliano.
653 657 728 718 Inde
743 659 933 736 Politianus,
948 685 962 715 a
974 661 1063 721 Mens
1078 662 1153 722 caelo
1169 681 1276 742 cogna-

237 768 279 814 ta.
291 779 304 809 n
317 753 405 812 Sacer
413 751 452 810 ab
463 749 578 810 multis.
593 750 671 810 Inde
681 751 725 808 ait
734 750 848 810 Coelius
857 749 912 809 lib.
923 753 993 811 XX:
1009 752 1231 832 “Virgiliuma
1244 751 1276 810 li·

234 844 340 904 teratis
350 840 496 902 omuibus
509 852 539 899 et
551 841 698 922 approbis
714 838 775 899 coli
789 839 885 899 veluti
897 847 1004 920 τεμὶνων
1018 845 1089 922 ispi:
1110 841 1276 923 templorum

235 935 393 994 sacra.»ut
400 931 473 1012 quia
480 930 648 1004 sacer,ideo
656 930 799 989 nominat
808 927 1106 1012 Phocassucrilequm
1113 949 1276 992 mucronem

235 1019 341 1094 illum,
360 1039 423 1100 quo
438 1019 551 1100 petitus
570 1033 617 1078 est
629 1017 778 1099 Virgilius
800 1037 817 1074 a
837 1018 945 1077 milite.
964 1020 1119 1098 Augustus
1135 1037 1275 1099 quoque:

237 1112 340 1169 oTam
354 1128 474 1168 sacrum
493 1107 630 1168 solvetur
644 1105 743 1188 opus?
753 1131 766 1162 n
782 1107 906 1167 Cornel.
925 1107 1034 1167 Gallus
1049 1111 1112 1167 sive
1127 1109 1277 1189 quispiam

235 1201 314 1260 alius
330 1223 336 1258 :
359 1223 373 1253 o
386 1198 514 1256 AEncam
532 1195 673 1256 condidit
688 1217 741 1255 ore
760 1217 881 1256 sacrun
896 1198 1018 1257 Tacitus
1032 1197 1114 1256 Dial.
1135 1197 1175 1257 de
1194 1199 1275 1258 Orat.

233 1290 355 1372 Virgilii
365 1289 523 1348 sacrarium
534 1286 621 1346 dixit.
635 1285 773 1346 Sidereus
785 1287 824 1346 ab
835 1286 986 1346 Columel.
1000 1301 1031 1347 et
1042 1287 1216 1347 Politiano:
1230 1286 1276 1346 ille

232 1377 288 1437 lib.
309 1379 355 1436 X:
379 1399 393 1429 a
403 1373 518 1433 Siderei
539 1375 618 1432 vatis
639 1373 774 1433 referens
797 1387 950 1456 praecepta
969 1374 1143 1434 Maronis.»
1166 1375 1225 1433 Hic
1246 1375 1275 1430 in

233 1467 332 1527 Mant.
347 1490 360 1520 o
370 1463 509 1524 Sidereus
518 1477 612 1523 vates.
623 1489 637 1518 o
652 1465 786 1544 Insignis
797 1464 836 1523 ab
849 1467 962 1523 sanctis
975 1463 1164 1523 Ductoribus
1176 1464 1276 1521 Iliero-

232 1574 330 1635 nymo
344 1549 399 1610 lib.
420 1551 430 1609 l
450 1550 597 1610 adversus
612 1552 735 1610 Jovian.
756 1565 786 1610 et
799 1552 971 1632 Augustino
989 1549 1044 1611 lib.
1057 1552 1094 1611 V.
1110 1551 1275 1612 Civium·

234 1661 358 1700 mensus
375 1661 393 1698 a
404 1638 542 1698 Martiali
561 1637 619 1698 lib.
634 1639 714 1712 XIV,
728 1639 818 1719 Epig.
836 1639 906 1712 186;

336 1765 424 1831 Quam
435 1763 522 1816 brevis
535 1765 692 1816 immensum
705 1765 775 1833 cepit
786 1764 942 1814 membrana
953 1763 1105 1814 Maronem!

478 1843 565 1912 Ipsius
576 1842 665 1893 vultus
677 1844 764 1910 prima
775 1840 874 1892 tabella
886 1843 961 1912 gerit.

230 1975 327 2048 Felix,
337 1994 374 2033 ex
383 1971 497 2032 Ovidio
507 1973 535 2029 II
545 1974 634 2030 Trist.
648 1995 662 2026 ιι
673 1973 712 2032 Εῑ
721 1986 825 2032 tamen
836 1973 890 2034 ille
899 1988 960 2036 tuae
972 1973 1047 2036 felix
1056 1975 1273 2036 AEneidosauc·

230 2076 289 2123 tor.
302 2086 316 2116 o
335 2060 483 2120 Politian.
500 2084 514 2114 a
525 2079 588 2140 quo
601 2078 666 2118 non
680 2057 801 2120 felicior
813 2060 923 2122 alter.»
942 2063 1023 2122 Pliu.
1037 2063 1093 2122 lib.
1105 2064 1177 2121 XIV
1189 2076 1274 2124 vocat

232 2151 364 2223 beatum,
374 2146 515 2233 felicem:
536 2161 571 2208 ut
587 2150 681 2209 etiam
699 2152 886 2232 Propertius.
905 2152 1027 2212 Nobilis
1047 2153 1086 2212 ab
1103 2153 1271 2232 Augustino

228 2241 284 2302 lib.
295 2241 374 2302 XXI.
385 2241 452 2300 Civ.
469 2253 499 2298 et
513 2237 707 2300 nobilissimus
719 2239 808 2301 libris
819 2244 846 2301 X
861 2257 891 2302 et
902 2246 967 2317 XV,
980 2264 1042 2324 quo
1057 2241 1195 2324 epitheto
1208 2240 1272 2301 Infr-

229 2334 303 2394 nitis
317 2331 393 2390 locis
405 2329 494 2390 illum
509 2328 606 2389 afficit
617 2331 744 2392 Coelius.
758 2331 956 2392 Admirabilis
969 2335 1083 2414 passim
1098 2332 1137 2392 ab
1149 2333 1272 2413 Scalige-

229 2443 276 2482 ro.
290 2420 329 2478 Et
344 2418 383 2478 ab
393 2420 529 2479 Eusebio
544 2421 576 2478 in
589 2421 653 2479 vita
668 2422 870 2498 Constantini
877 2425 1033 2502 θαυμαστὸς.
1044 2421 1178 2499 Quintil.
1192 2422 1271 2482 dere

228 2507 402 2590 Virgiliana
420 2507 552 2588 loquens
566 2508 620 2567 lib.
630 2510 716 2582 VIII,
737 2513 886 2572 miramur.
909 2509 1028 2572 Eodem
1046 2512 1204 2594 pertinent
1218 2513 1270 2570 ista

229 2598 378 2658 Politiani
390 2596 549 2678 loquentis
563 2597 602 2657 ad
615 2599 804 2680 Augustum,

561 2726 662 2792 Cerno,
673 2740 699 2778 te
711 2730 825 2781 maxime
837 2732 976 2802 princeps,

331 2803 483 2874 Purpureos
496 2805 566 2856 inter
577 2824 702 2876 proceres
715 2822 891 2880 sanctumque
904 2809 1043 2874 Senatum,

333 2884 495 2938 Pendentem
508 2898 577 2938 stare
590 2887 624 2938 ad
637 2905 777 2956 numeros,
791 2902 870 2961 atque
883 2909 931 2944 ora
943 2904 1086 2943 tenentem.

227 3005 324 3084 Supra
337 3002 431 3060 etiam
447 2999 580 3076 dixerat,
593 3022 629 3062 ea
641 3004 795 3066 cantanda
810 3007 987 3089 eVirgilio,
1000 3029 1069 3088 quae
1084 3007 1271 3066 mirarentur
1340 3047 1341 3057 .

226 3091 335 3163 Linus,
348 3087 507 3169 Orpheus,
520 3089 633 3164 Musae,
644 3092 768 3172 Apollo.
782 3095 916 3176 Magnus
927 3097 974 3155 bis
985 3116 1002 3154 a
1012 3093 1150 3154 Martiali
1161 3092 1217 3154 lib.
1231 3095 1270 3152 III

226 3191 256 3235 et
265 3176 331 3234 XII.
341 3177 411 3234 Jam
422 3197 476 3235 cur
486 3177 640 3237 Maximus
656 3180 845 3260 appelletur,
858 3181 933 3244 alibi
947 3203 964 3242 a
976 3199 1025 3242 me
1038 3179 1169 3240 dictum.
1184 3179 1270 3240 lllus-

224 3265 283 3322 tris
296 3261 335 3320 ab
349 3264 377 3321 S.
392 3264 587 3346 Hieronymo
604 3268 702 3346 Epist.
720 3269 774 3348 139
791 3267 830 3328 ad
846 3272 1054 3354 Cyprianum‚
1073 3281 1104 3328 et
1117 3289 1185 3349 cap.
1202 3289 1214 3326 1
1232 3266 1269 3326 ad

225 3349 304 3410 Joel.
318 3363 348 3408 et
358 3349 411 3409 lib.
425 3352 605 3414 Icommen.
618 3354 743 3416 Zachar.
761 3378 827 3438 cap.
846 3379 870 3417 r.
887 3361 952 3419 Pan
965 3360 1107 3428 Naturae3
1122 3358 1166 3414 ita
1183 3376 1271 3416 voca·

223 3452 275 3498 tur
289 3437 328 3497 ab
343 3438 511 3519 scaligero,
525 3445 623 3504 immo
635 3447 753 3506 Natura
766 3447 842 3528 ipsa.
857 3447 903 3508 Eo
916 3460 1034 3529 spectat
1045 3445 1187 3505 Macrob.
1200 3467 1270 3506 cum

224 3527 437 3602 ait,ISomnii,
450 3531 571 3591 “Poeta
580 3536 988 3616 naturaeipsiusconscius.»
1000 3532 1129 3610 Ethaec,
1141 3553 1211 3613 quae
1220 3532 1270 3592 ad·

224 3614 312 3674 ducit
325 3635 360 3673 ex
371 3616 495 3678 Donato
511 3621 631 3682 Servius
649 3625 708 3682 inl
727 3624 790 3684 Ecl.
814 3626 871 3684 oin
891 3623 1061 3685 scribendis
1076 3624 1269 3682 carminibus

222 3703 398 3783 naturalem
410 3705 553 3768 ordinem
567 3724 705 3771 secutum
719 3712 897 3796 Virgilium.
912 3717 1018 3775 Primo
1032 3715 1115 3773 enim
1128 3727 1269 3793 pastora-

222 3791 263 3850 lis
278 3787 337 3848 fuit
351 3791 384 3849 in
398 3796 561 3857 montibus
577 3800 639 3858 vita
649 3823 657 3873 3
669 3814 739 3882 post
751 3802 950 3881 agriculturae
964 3823 1067 3878 amor,
1082 3799 1157 3860 inde
1169 3797 1268 3859 bello·

223 3895 295 3936 rum
306 3897 380 3936 cura
395 3885 544 3944 successit.
555 3911 569 3941 o
584 3889 703 3947 Auctor
715 3908 842 3970 quoque
854 3889 926 3950 vitae
936 3886 1135 3969 Virgilianae:
1155 3912 1169 3942 ι.-
1182 3889 1270 3946 Secu-

224 3975 273 4022 tus
282 3977 329 4025 est
340 3977 484 4028 naturam
496 3969 595 4051 ipsam
605 3973 638 4033 in
650 3973 815 4038 scribendo
827 3997 834 4035 ι
845 3997 918 4038 nam
929 3978 1030 4058 prima
1042 3973 1211 4056 hominum
1225 3971 1269 4030 vi·
