2742 4596
250 234 991 371 conrc1sussrruusssR¹13T¹S¹
1062 304 1125 382 ⁴7³⁵
1212 362 1215 371 2

78 418 123 480 ile
133 417 275 500 Diplonr.
291 437 322 497 p.
335 415 403 486 352.
416 411 608 482 benedictini
623 411 773 483 Mouashi
787 417 827 486 N·
842 417 891 480 Tr.
904 417 939 485 tls
952 421 1081 504 Dipsium,
1091 431 1126 496 Τ.

79 505 139 580 lll,
159 527 190 586 p.
207 505 260 578 51,
279 505 327 567 52.
347 505 412 566 Nic.
432 502 581 572 Heinsius
600 499 671 566 diss.
691 501 730 560 ds
748 499 808 565 hoc
826 503 934 576 codice
955 530 1004 591 ap.
1026 516 1128 588 Burm,

79 593 170 676 praef.
180 596 214 654 T.
229 595 257 668 l,
272 614 301 674 p.
322 593 410 654 xxxvi
429 611 511 672 seqq.
533 610 569 652 ex
586 587 649 670 ejus
666 591 746 674 Epp·
764 590 801 652 ad
816 593 996 666 Reinssiuur
1014 603 1049 668 in
1066 607 1130 689 Syl.

79 682 152 764 loge
168 679 331 764 Epistulas.
347 683 381 746 T.
393 682 431 760 V,
447 701 477 761 p·
498 679 550 758 ¹93
566 699 649 759 sqq&
666 681 733 759 111³ss
745 681 941 756 ‘Burmannus
955 689 1132 775 Secundus,

82 771 116 830 in
137 769 247 830 eadem
265 767 354 868 praef.
373 787 445 850 pag.
464 765 505 830 sl.
524 766 735 830 Dissertazione
754 765 802 826 del
820 769 924 840 Codice
941 777 1129 862 Aproniam,

81 853 154 923 datt'
165 856 278 918 Abbate
294 857 410 926 Sestini.
430 858 565 932 Fireuze,
584 851 740 936 ‘1722-43
756 869 785 916 et
798 857 966 939 fogginius
978 867 1011 939 in
1024 873 1134 950 prata

82 966 219 1029 namque
242 943 294 1006 hic
316 943 439 1014 doctiss.
467 944 515 1004 vir
533 956 634 1014 totum
657 943 798 1020 codicem
823 945 920 1018 literis
947 953 1130 1035 majuscqfiq*

83 1035 193 1108 excudi
213 1035 349 1116 curarit,
359 1031 419 1100 boc
429 1032 541 1106 titulo:

121 1131 320 1223 «Uergilii
333 1142 472 1204 Maronis
484 1141 588 1202 Gades
604 1144 764 1223 antiquiss.
777 1165 795 1202 a
806 1141 898 1205 Rullo
907 1149 1022 1211 Turcio
1034 1155 1131 1236 Apro-

82 1236 180 1296 niano
190 1234 228 1291 V.
245 1233 279 1294 G.
294 1230 461 1300 distinetur
479 1242 509 1290 et
524 1229 726 1305 entendatns,
743 1233 798 1312 qui
815 1253 901 1293 nunc
916 1236 1081 1302 Florentia
1098 1248 1132 1306 in

80 1319 270 1384 bibliotheca
290 1320 655 1382 Msdicsosbsurentisua
677 1319 877 1398 adservatur,
898 1321 985 1395 bono
1004 1331 1132 1410 publica·
1155 1353 1159 1358 ·
1243 1323 1251 1334 ’

83 1415 165 1496 typis
179 1410 349 1492 descriptus
363 1411 500 1470 Florent.
516 1408 653 1493 lydi-ml}
662 1429 737 1471 cura
751 1399 784 1470 n‘.
795 1411 903 1474 Frena.
916 1415 1072 1498 Fo‘qginii.
1085 1449 1100 1480 u

124 1519 230 1578 Codex
240 1518 454 1598 ipssexaratus
465 1519 548 1577 estin
560 1517 740 1594 tenuissima
752 1517 947 1594 membrana,
960 1519 1135 1587 characters

84 1609 211 1691 capitoli
222 1608 358 1682 minore,
371 1605 516 1666 admixtis
531 1623 634 1666 tamen
649 1605 810 1666 nonnullis
824 1609 1025 1690 minusculis5
1041 1615 1134 1676 inter·

85 1698 175 1758 stitiis
190 1697 356 1755 verborum
372 1694 548 1773 nonnullis,
562 1713 751 1778 quamquam
766 1695 938 1776 Pogginius
950 1694 1030 1776 (vid.
1046 1704 1134 1784 praef.

83 1809 115 1869 p.
130 1787 200 1866 xiv)
214 1785 368 1846 distinctis
384 1786 483 1844 verbis
495 1797 525 1844 et
538 1780 659 1867 vulgari
677 1799 786 1845 nostro
804 1783 983 1847 charactere
1001 1792 1136 1872 quadra·

85 1889 118 1936 to
131 1895 206 1934 eum
220 1875 436 1954 repraesentari
451 1875 579 1932 curavit.
595 1875 701 1934 Plures
716 1883 902 1944 correctores
915 1893 1059 1957 expertus
1074 1897 1136 1958 est;

86 1962 151 2024 vid.
173 1963 304 2044 Foggln.
323 1961 410 2043 praef.
431 1983 461 2043 p.
481 1960 545 2043 xiij.
564 1960 617 2022 Est
635 1976 666 2022 et
686 1961 748 2030 hoc
773 1965 857 2022 inter
873 1963 980 2026 laudes
1003 1967 1137 2048 codicis,
1235 2005 1236 2008 =

88 2050 174 2134 quod
189 2052 309 2132 integer
322 2063 380 2125 est,
395 2069 451 2110 nec
461 2051 519 2109 nisi
536 2051 574 2110 ab
589 2052 680 2110 initio
695 2051 734 2109 ad
748 2051 893 2133 Eclogam
910 2068 1043 2115 sextam:
1057 2059 1137 2118 Pos-

89 2139 159 2200 tides
166 2136 336 2221 implerunt,
348 2151 520 2196 truncatus..
531 2139 707 2218 specimina
716 2139 878 2216 scriptura
887 2140 979 2201 multi
990 2144 1138 2207 exhibue-

86 2250 137 2304 re,
153 2228 296 2288 omnium
312 2225 541 2286 accuratissime
555 2225 726 2305 Pogginius
742 2227 774 2284 in
792 2226 879 2305 prael.
893 2247 925 2308 p.
939 2251 993 2305 xv3
1007 2247 1038 2302 es
1049 2253 1086 2294 ex
1101 2255 1138 2303 eo

88 2319 149 2378 PP.
162 2315 356 2378 benedictini
369 2317 404 2374 T.
419 2315 477 2389 ΠΙ,
491 2311 556 2374 tab.
569 2311 689 2388 XXXV,
705 2313 733 2372 ll
739 2357 747 2387 ,
762 2314 818 2387 lV3
832 2315 1066 2399 subscriptionis
1085 2345 1139 2383 au·

89 2421 169 2481 tem,
184 2425 278 2494 quarn
293 2405 399 2465 statim
411 2399 673 2474 memorabimus,
685 2403 750 2462 Nic.
765 2403 909 2464 Heinsius
924 2408 955 2464 in
970 2410 1056 2488 p'raef,
1068 2411 1138 2472 vir.

89 2497 158 2577 gilii
174 2497 278 2554 Bnrrn.
291 2515 321 2575 p.
332 2493 467 2553 XXXVI.
482 2490 602 2550 Codicis
615 2487 707 2572 hujus
721 2503 899 2550 vetustatem
914 2495 1044 2558 mirifice
1053 2513 1139 2560 extu·

87 2585 195 2644 lerunt
206 2581 353 2642 laudibus
366 2591 395 2640 et
410 2594 563 2640 ornarunt
575 2581 632 2638 viri
647 2579 740 2638 docti.
752 2579 791 2638 Ut
805 2578 941 2641 breviter
956 2597 1021 2646 tota
1034 2586 1139 2670 dispu-

89 2675 210 2733 tatione
227 2671 451 2752 defungantur,
471 2689 564 2728 omne
582 2668 621 2727 de
642 2687 678 2726 eo
694 2665 863 2748 judicium,
876 2685 956 2817 post
977 2673 1138 2738 literarum

89 2764 317 2834 characterem,
338 2780 374 2820 ex
393 2747 550 2840 adscripto
569 2757 626 2816 sub
642 2755 860 2818 Bucolicorum
900 2782 971 2821 nem
991 2780 1142 2825 correcto·

91 2857 134 2915 ris
147 2855 275 2914 nomine
285 2849 410 2933 pendet.
423 2849 476 2908 Est
486 2851 512 2908 is
522 2850 652 2920 'lurcius
663 2845 771 2907 liulius
782 2850 978 2932 Apronianus
992 2855 1142 2931 Asterius,

92 2947 148 3026 qui
163 2963 246 3004 anno
259 2941 371 3001 Christi
385 2937 445 3019 494
457 2939 660 3000 Consulatum
674 2941 779 3019 gessit,
792 2953 823 2998 et
836 2961 851 2998 e
865 2937 952 3020 eujus
965 2946 1142 3011 recensione

92 3031 235 3094 Sedulius
247 3029 431 3090 emendatus
441 3027 571 3087 nhemis
586 3041 733 3086 servatur.
744 3025 815 3087 vid.
832 3025 871 3087 cle
886 3027 947 3088 hoc
964 3031 1029 3090 viro
1041 3031 1142 3102 Naris.

94 3117 267 3201 Cenotaph.
281 3117 343 3178 Pis.
357 3138 427 3199 pag.
440 3113 515 3191 446,
526 3115 696 3176 Tillernonl
710 3115 784 3175 Hirr.
799 3113 847 3175 des
858 3117 946 3198 Emp.
959 3117 993 3176 T.
1007 3117 1059 3194 lv,
1074 3141 1143 3201 cap.

98 3211 143 3270 rfl.
157 3208 328 3268 Fontanini
340 3206 419 3264 Hist.
434 3204 493 3262 litt.
506 3203 640 3284 Aquilai.
654 3225 727 3284 pag.
744 3201 801 3280 234
812 3223 878 3284 sqq.
891 3204 1048 3266 Relandus
1061 3209 1142 3268 Fast.

94 3302 187 3359 Cous.
210 3295 250 3356 ad
271 3317 299 3382 a.
320 3295 355 3356 C.
377 3292 446 3375 494.
461 3293 620 3354 Wiltbem.
640 3299 719 3376 rlpp.
741 3294 778 3352 ad
798 3293 945 3375 Diptych.
967 3295 1061 3356 Leod.
1077 3300 1143 3360 Nic.

94 3389 202 3448 Heius.
216 3383 255 3444 ad
269 3382 300 3442 h.
314 3383 335 3442 l.
349 3395 379 3442 et
391 3403 491 3464 nuper
504 3385 616 3442 iterum
635 3381 759 3444 Ariolus
774 3380 812 3440 ad
834 3381 995 3442 Sedulium
1015 3388 1144 3466 copiosa

96 3473 325 3556 disputatione,
341 3472 511 3552 prolegom.
534 3492 559 3530 c.
575 3472 613 3545 V,
632 3492 663 3552 p.
682 3491 714 3551 7¹
737 3491 820 3549 seqq.
837 3491 910 3528 nam
925 3471 1049 3552 praefert
1064 3473 1144 3554 ejus-

94 3562 169 3621 dem
185 3561 295 3620 Asterli
314 3577 428 3620 nornen
449 3558 639 3640 subscriptio
656 3555 864 3638 antiquissimi
884 3557 1000 3618 codicis
1018 3561 1144 3621 Sedulil.

95 3653 246 3714 Diversus
262 3647 303 3709 ab
315 3647 375 3710 hoc
386 3652 503 3710 Asterio
519 3647 578 3708 init
595 3649 673 3708 nlius
686 3648 809 3706 Flavius
824 3650 975 3728 Amprius,
990 3671 1042 3709 sen
1056 3653 1145 3712 Astu·
1187 3689 1189 3698 ‚

97 3743 180 3815 rius,
195 3741 297 3800 verius
310 3740 459 3815 Asterius,
472 3741 525 3820 qui
541 3759 567 3797 a.
582 3738 613 3795 C.
625 3734 685 3816 449
698 3737 814 3797 Consul
824 3737 898 3797 init.
913 3739 996 3818 quod
1014 3737 1146 3804 docuere

97 3830 196 3890 iidem
210 3829 270 3887 viri
288 3827 393 3887 docti:
411 3827 482 3887 add.
501 3827 699 3901 doctissimus
719 3827 824 3885 Sarius
845 3819 881 3883 in‘
892 3826 1095 3888 Onamastico
1115 3851 1146 3911 p.

98 3918 169 4005 494.
185 3918 380 4000 Subscriptio
392 3915 566 4003 subjectum
578 3915 671 3980 habet
684 3935 825 3982 carmen,
838 3935 901 4004 quo
914 3914 966 3974 illo
980 3913 1071 3980 ludos
1085 3940 1103 3982 a
1115 3939 1147 3978 se

97 4005 201 4070 'editos
215 4017 382 4067 memorat:
399 4005 485 4088 quod
500 4007 613 4068 iterum
633 4004 751 4088 editum
765 4016 794 4063 et
809 4003 997 4070 illustratum
1014 4004 1097 4066 vides
1115 4007 1146 4070 in

928 4103 969 4154 28.
