2704 4582
30 315 31 381 i
302 306 355 370 ru
377 257 612 371 nunrnos
633 305 728 376 mo.
752 304 815 369 xi.
892 365 893 373 Ν
1017 257 1076 394 149

29 388 30 415 l

27 429 30 489 l
60 425 163 485 Deorum
174 427 315 490 exaudita
326 442 390 490 vota
402 442 430 489 et
436 449 530 509 peuces
540 448 619 487 meae.
632 427 690 487 Sed
702 448 758 486 cur
769 425 944 486 rudimento
956 426 1021 488 haec
1032 428 1077 488 di·

27 505 29 588 s
60 523 149 571 cuntur
165 535 226 576 esse
246 513 319 576 betti
334 517 489 598 propinqui
496 515 511 573 Ρ
531 515 579 574 vel
600 516 673 595 quia
694 530 764 573 ante
782 526 936 573 maturam
957 527 1077 575 aetatem

58 597 181 662 Pallantis
200 603 325 663 bellum
345 602 405 664 hoc
426 605 593 684 ingruerit;
616 602 665 661 vel
684 604 789 682 potius
810 603 942 676 nimium
965 605 1077 678 vicini,

58 704 131 762 quam
142 701 174 747 nt
183 688 224 749 ab
237 711 277 750 eo
290 690 612 771 abstinerepotuerim
622 711 628 746 :
640 687 827 748 bochellum
837 691 940 751 vocari
950 691 1077 750 solitum

24 782 27 902 p
59 777 195 851 antatium,
211 778 302 860 quod
315 780 355 837 sit
367 780 454 859 quasi
466 791 534 838 ante
545 797 611 835 aras
619 788 654 834 'et
666 774 753 852 focos
765 773 860 836 urbis.

93 861 148 922 158.
162 863 361 946 Apostrophe
377 863 416 924 ad
433 862 614 946 conjugem,
635 883 696 943 qua
712 860 777 922 haec
793 863 905 924 dicitur
912 863 1007 949 felix!
1026 861 1078 923 sed

24 927 26 1008 i
58 962 98 1003 nu
101 948 193 1029 felix?
216 953 322 1033 quod,
336 951 408 1012 vide
424 953 518 1020 πάθοςέ
540 950 670 1011 obierit:
686 950 825 1030 sequitur
839 953 947 1033 ingens
958 950 1077 1027 αὔξησις,

24 1039 25 1106 I
57 1042 170 1115 nequem
185 1039 267 1102 bunc
284 1054 396 1101 seruata
411 1039 559 1101 dolorem:
580 1039 665 1119 quod
682 1041 765 1096 enim
783 1059 845 1098 esse
859 1041 960 1120 majus
978 1041 1079 1099 incre·
1140 1106 1144 1112 ,

23 1143 24 1208 3
57 1141 174 1188 neotum
185 1131 313 1212 potest?
331 1130 423 1189 dolor
435 1141 561 1210 superat
573 1131 671 1208 ipsam
687 1139 837 1186 mortem:
852 1127 926 1188 felix
941 1149 1032 1210 ergo,
1050 1139 1080 1188 et

23 1215 24 1248 ³
58 1215 120 1290 quod
132 1219 259 1296 obierit,
275 1232 306 1278 et
318 1218 403 1300 quod
416 1217 525 1277 dolore
539 1219 597 1276 isto
612 1217 761 1276 caruerit!
1013 1277 1017 1290 ¹

23 1299 24 1334 ³
87 1304 140 1362 160.
151 1305 197 1363 Ab
207 1327 308 1365 uxore
320 1305 399 1367 redit
409 1303 448 1364 ad
459 1325 490 1364 se
502 1327 508 1361 :
523 1324 580 1384 ego
591 1315 699 1364 contra
708 1323 776 1362 sum
787 1304 992 1378 miserrimus,
1006 1305 1080 1385 quio

57 1387 153 1450 viootdo
161 1395 219 1452 uici
228 1393 377 1476 meofota.
392 1391 533 1473 Explicat
543 1391 662 1464 statim,
679 1389 755 1470 quid
766 1391 806 1450 sit
814 1391 948 1450 vivendo
959 1393 1080 1450 vincere

57 1476 180 1537 suafata:
201 1481 281 1562 quia
297 1482 420 1562 genitor
437 1500 534 1561 quum
549 1492 643 1554 esset,
658 1492 808 1560 superstes
826 1480 956 1554 restitit,
975 1479 1007 1538 id
1020 1491 1080 1552 est,

23 1597 24 1600 =
57 1571 199 1645 supervixit
208 1569 353 1644 fili03est
362 1571 446 1628 enim
455 1567 552 1628 veluti
562 1567 672 1641 fatum,
681 1579 717 1626 ut
725 1578 812 1649 poter
820 1570 973 1650 praecodat
982 1579 1081 1627 morte

56 1647 153 1714 filium:
168 1655 208 1716 ab
225 1656 289 1717 hac
304 1656 441 1716 fatorum
455 1654 522 1736 lege
533 1676 599 1716 non
614 1665 730 1715 servata
742 1656 886 1715 oriuntur
902 1657 973 1714 miri
986 1656 1081 1716 affec·

23 1819 24 1824 ἵ
57 1751 106 1801 tus:
124 1767 177 1827 ego
195 1747 376 1807 debuissem
395 1747 482 1827 sequi
501 1747 584 1805 socia
600 1742 808 1824 Trojanorum
823 1766 925 1822 armo,
945 1767 1011 1806 non
1027 1759 1080 1804 tu:

23 1829 24 1906 }
57 1846 94 1886 ne
107 1833 206 1893 Rutuli
225 1833 298 1894 telis
316 1835 499 1906 obruerent,
520 1853 583 1892 non
596 1843 645 1890 te:
671 1852 721 1890 me
737 1829 801 1892 haec
818 1853 934 1914 pompa
952 1834 1080 1892 demum

23 1983 25 2009 s
57 1917 175 1999 referret,
193 1943 264 1983 non
281 1935 329 1984 te:
356 1909 416 1981 hoc
435 1919 577 1981 videlicet
599 1919 664 1978 fata
686 1916 904 2000 postulabant,
931 1922 1004 2002 quia
1023 1940 1080 2002 ego

23 2020 25 2110 p
59 2003 138 2086 major
150 2021 187 2070 te.

23 2113 25 2177 l
89 2099 143 2172 164.
156 2100 230 2160 Vult
240 2120 307 2160 esse
317 2099 433 2160 salvant
442 2096 648 2179 Trojanorum
659 2095 1080 2179 fidem‚foedera,hospitio:
1137 2122 1140 2127 ·

23 2186 24 2217 ¹
59 2181 121 2243 nibil
130 2185 242 2250 horum
256 2209 372 2272 arguo,
386 2186 466 2247 nihil
480 2187 595 2246 damno
608 2207 615 2243 ι
630 2207 705 2245 nom
722 2204 782 2245 sors
797 2187 851 2245 ista
862 2185 957 2247 debito
969 2201 1031 2246 erat
1040 2208 1082 2246 se-

23 2272 24 2304 ³
58 2287 127 2333 oectoe
140 2292 263 2339 nostae:
286 2280 390 2358 itaque
409 2275 497 2337 nulla
514 2278 547 2336 in
563 2276 686 2335 Teucris
705 2273 811 2355 culpa,
830 2273 882 2332 sed
899 2274 932 2332 in
949 2295 998 2333 me
1017 2295 1082 2334 sors

58 2355 141 2423 haesit:
156 2367 311 2428 consolari
325 2388 355 2426 se
367 2367 469 2426 statim
481 2377 589 2426 tentat.
608 2365 700 2439 Esto,
720 2363 885 2422 immatura
898 2361 1007 2438 debuit
1019 2382 1082 2421 esse

59 2441 190 2530 hecsors;
213 2456 301 2538 quod
320 2453 420 2536 majus
438 2455 604 2527 solatium,
624 2472 718 2533 quam
738 2449 776 2508 ab
794 2451 959 2508 immature
974 2463 1082 2530 rapto,

23 2596 24 2620 1
58 2546 153 2602 uniam
164 2547 281 2606 editam
294 2547 328 2604 in
341 2543 442 2606 hostes
456 2559 609 2625 stragem,
623 2555 654 2600 et
665 2560 742 2600 caesa
754 2550 801 2602 tot
813 2537 997 2598 Volscorum
1011 2536 1083 2596 mil·

23 2691 24 2710 ]
59 2621 198 2713 liaiergo‚
214 2632 347 2717 juvabit,
367 2630 577 2712 recreabitque
594 2650 644 2690 me
651 2674 661 2703 ,
683 2628 774 2688 illum
791 2625 950 2702 cecidisse,
969 2628 1023 2708 qui
1037 2637 1084 2685 tot

58 2717 125 2792 prius
137 2725 262 2784 Volscos
276 2723 394 2785 cecidit.
413 2725 492 2784 Nota
505 2721 758 2804 oppositionem:
781 2717 834 2781 ille
848 2715 1007 2798 cecidit,·a
1020 2737 1082 2797 quo

60 2823 117 2866 ceso
129 2812 244 2872 millia:
265 2825 355 2893 auget
370 2809 471 2872 adhuc
483 2810 616 2892 gloriam
633 2811 715 2881 noti,
734 2805 823 2865 duxit
838 2803 889 2863 hic
901 2805 1036 2862 Teucros
1049 2807 1083 2862 in

59 2892 176 2959 Latium:
193 2923 267 2962 nam
283 2901 425 2961 videlicet
438 2900 580 2960 Pallante
599 2899 714 2958 comite
733 2893 892 2971 navigavit
908 2911 943 2948 ex
959 2891 1084 2948 Etruria

59 2981 146 3048 AEneas
159 2993 192 3052 iu
208 2993 352 3056 Latium:
371 2991 516 3050 meminit
529 2988 736 3060 Volscorum,
757 2983 830 3063 quia
850 2978 882 3038 hi
901 2980 935 3037 in
950 2980 1083 3038 exercitu

58 3068 150 3150 Turni;
164 3093 193 3138 et
207 3080 339 3139 Camilla
353 3079 463 3139 Volsca
475 3077 543 3136 fuit.

90 3162 143 3240 169.
164 3165 232 3225 Alia
251 3165 422 3226 consolatio
442 3186 460 3223 a
476 3161 649 3244 magnifico¹
666 3161 788 3232 funere,
811 3177 828 3214 a
848 3173 911 3233 quo
929 3151 996 3210 vult
1018 3152 1082 3232 ipse

23 3291 24 3294 η
59 3245 204 3329 obstinere,
217 3256 302 3336 quod
314 3253 394 3315 nihil
405 3255 502 3336 possit
512 3249 762 3332 magtn‘ficentius
772 3246 881 3315 AEneo,
895 3238 1084 3321 Phrygibus,
1186 3277 1190 3281 ·

59 3334 219 3413 Tyrrhenis:
235 3345 287 3405 sed
301 3367 355 3405 cur
366 3343 427 3404 hoc
439 3343 536 3402 funus
551 3334 774 3422 magnificum?
794 3334 866 3413 quia
883 3327 926 3388 ibi
944 3329 1084 3390 viseban-

59 3433 237 3514 turtrophaea
253 3434 379 3495 illorum
394 3435 526 3504 ducum,
542 3453 619 3512 quos
635 3428 735 3489 Pullos
750 3425 843 3483 morti
859 3419 994 3479 dederat.

92 3519 145 3596 173.
163 3519 356 3602 Apostrophe
375 3519 414 3578 ad
428 3523 570 3580 Turnum
585 3529 652 3577 orta
667 3511 703 3574 ex
721 3513 793 3572 visis
813 3507 947 3567 aliorum
965 3506 1081 3566 ducum

60 3603 202 3682 trophaeis:
220 3623 256 3669 tu
273 3628 414 3690 quoque,
434 3629 453 3668 ο
467 3610 587 3682 Turne,
605 3609 638 3666 in
653 3602 768 3661 horum
784 3610 895 3656 trunco
910 3595 1017 3676 aliquo
1035 3616 1082 3654 ar-

88 3764 137 3818 158.
159 3771 260 3846 Tuque,
276 3791 291 3822 o
304 3772 462 3826 sanctissima
478 3790 538 3823 con·
581 3771 635 3820 vim
643 3763 790 3838 significat:
802 3758 873 3811 unde
884 3767 1011 3809 etsanctoe
1019 3755 1085 3829 lepos

57 3839 536 3923 junx.Sonctumnonsempersacrum,
586 3845 772 3917 appellantur,
786 3859 843 3911 quie
853 3855 940 3910 neque
953 3849 1084 3908 corruptae
1179 3908 1182 3912 Ι

61 3931 130 3990 ¹leque
141 3927 290 4000 religiosum
303 3942 358 3992 est;
374 3942 404 3980 ut
416 3929 474 3995 bic,
490 3929 537 3979 ubi
586 3937 661 3990 sunt,
676 3941 763 3994 neque
776 3918 912 3988 corrumpi
923 3928 1044 3987 possunt.
1057 3917 1083 3970 S.

62 4004 198 4059 ttoctissima
223 4011 385 4081 incorrupte
413 4009 542 4062 castitatis
587 3999 797 4067 Macrobvide,
810 3996 915 4051 Saturn.
928 3994 1013 4060 lll,3.
