2726 4592
508 275 730 349 'LAUDES.

212 399 326 452 Instillat
338 418 436 470 puero,
449 413 475 454 et
486 401 558 454 dulci
571 423 630 457 rore
641 406 720 458 illinit
732 427 787 461 ora.

212 479 258 531 llle
271 481 325 531 fari
337 479 437 532 ducens
450 494 569 534 tenerum
581 483 614 536 de
626 499 732 539 nectare
745 507 852 544 succum

212 557 342 610 Paulatim
356 578 448 612 somno
461 564 578 632 capitur,
592 565 744 636 circumque
756 569 908 638 frequentes

213 637 266 690 Ore
278 653 408 711 vagantur
420 660 498 712 apes,
509 641 660 714 lectumque
673 665 687 697 e
700 645 764 699 ll'ore
777 648 907 719 liquorem

213 715 457 789 Intingpnt’labris,
470 735 494 772 et
506 740 566 773 rore
578 722 712 776 madentia
724 725 835 797 lingunt.
897 763 901 794 1,

213 793 301 865 Atque
314 798 385 850 hunc
398 800 502 852 caerulei
514 815 621 853 nantem
633 803 668 854 ad
679 805 749 856 vada
761 820 824 859 nota
836 814 952 878 parentis

213 874 357 943 Nereides,
369 897 430 930 nam
443 881 511 933 forte
524 881 595 933 Pado
607 885 701 954 procul
714 905 819 956 aequore
832 889 946 956 nabent,

212 954 365 1026 Inspectum
377 980 490 1031 rapuere
502 984 508 1012 ε
522 962 615 1015 aderat
627 977 683 1015 tum
695 966 810 1018 candida
822 969 911 1036 Siren,

215 1035 280 1102 Quae
291 1037 364 1090 vocis
377 1043 485 1110 merito,
498 1056 524 1095 et
536 1045 639 1096 blandae
651 1047 831 1100 modulamine
844 1049 938 1122 lingua

213 1115 370 1169 Formosum
383 1120 454 1172 dono
466 1141 579 1194 puerum
591 1125 668 1176 tulit:
681 1127 743 1178 inde
755 1147 803 1198 per
815 1129 898 1180 altum

214 1192 405 1269 sublatumque
418 1199 532 1254 humeris
545 1217 628 1274 ponto
641 1205 785 1275 plaudente
797 1207 915 1274 ferebat,

215 1274 306 1330 Litora
318 1278 428 1331 finitimo
441 1296 563 1352 repetens
576 1287 719 1354 conjuncta
729 1289 841 1338 Vesevo.

215 1354 277 1406 Haec
289 1375 402 1426 puerum
413 1361 526 1411 instituit
539 1375 632 1428 cantu,
645 1383 676 1415 ac
688 1383 749 1415 mox
762 1380 841 1435 capta
853 1367 956 1437 pudore

215 1432 300 1501 Arsit,
314 1448 340 1488 et
352 1442 462 1490 assuetis
475 1442 547 1492 vovit
558 1443 694 1495 malesana
706 1443 754 1495 sub
768 1446 849 1496 antris
861 1467 867 1496 ;

217 1503 372 1568 Parthenias
381 1520 473 1588 juveni
485 1537 582 1572 nomen
595 1521 628 1574 de
639 1524 739 1596 virgine
751 1526 856 1575 mansit.

107 1653 187 1730 Quae
205 1653 243 1713 de
261 1657 378 1720 Mincio
398 1677 484 1741 patre
494 1661 632 1744 Virgilii,
647 1673 718 1745 quae‘
738 1665 985 1745 1111111111111111,
1005 1681 1035 1729 11
1048 1672 1151 1731 Sirene

108 1743 249 1825 attingit,
266 1746 406 1810 fabulose
421 1753 518 1828 dicta,
536 1768 566 1812 ct
580 1755 699 1834 poetice
717 1755 756 1814 ad
771 1758 1075 1821 commendationem
1087 1763 1154 1819 Vir-

108 1833 188 1913 gilii.
202 1835 288 1896 111111
302 1838 357 1899 lib.
372 1841 401 1917 1,
413 1843 558 1918 Eridani,
572 1845 615 1904 ita
628 1843 666 1903 111
679 1845 813 1906 infantia
824 1849 978 1923 Maronis;

216 1981 321 2052 Excipit
332 1982 419 2051 hunc,
432 1986 577 2057 tepidoque
590 1989 650 2038 sinu
662 1989 801 2060 complexa
811 1989 916 2050 Melissa

251 2060 354 2114 Blanda
365 2065 451 2131 fovet,
463 2066 569 2118 blandis
583 2069 760 2140 conciliatque
770 2073 847 2139 jocis.

216 2139 368 2192 Lustratum
381 2143 450 2195 lauri
461 2145 547 2210 foliis,
560 2163 708 2217 somnoque
721 2161 860 2218 gravatum

252 2217 284 2270 Et
296 2231 416 2273 tutantur
429 2243 506 2294 apes,
518 2224 647 2294 labraque
660 2226 738 2277 melle
750 2227 846 2278 linunt.

215 2299 285 2350 Hinc
297 2303 378 2354 Musae
390 2303 503 2375 placidis
513 2305 626 2357 ¹salicum
640 2305 755 2358 docuere
768 2308 817 2358 sub
830 2308 945 2373 umbris,

253 2377 382 2434 Sebethus
395 2383 506 2458 liquidis
517 2403 571 2455 qua
582 2383 638 2436 iluit
650 2384 717 2436 uber
730 2387 815 2455 aquis.

144 2519 255 2580 *Cunas
265 2523 453 2604 Virgilianos
466 2527 511 2584 ita
523 2543 650 2606 quoque
662 2523 794 2584 celebrat
803 2522 977 2582 Politianus
988 2525 1022 2582 in
1032 2523 1154 2600 Mant03

218 2665 407 2732 Transmonte,
420 2669 511 2732 Maro,
524 2668 646 2719 Parnassi
658 2686 672 2718 e
685 2653 799 2719 ctilmine
812 2685 914 2719 summo

218 2742 312 2795 Adfuit
323 2747 422 2797 Aonias
435 2749 504 2798 inter
515 2748 613 2798 festina
625 2763 730 2797 sorores

220 2822 354 2894 Calliope,
365 2823 526 2896 blandisque
538 2837 677 2895 exceptum
689 2822 795 2874 sustulit
807 2824 891 2887 ulnis,

220 2904 412 2976 Permulsitque
424 2925 506 2958 manu
518 2909 655 2977 quatiens,
667 2917 761 2976 terque
774 2904 867 2955 oscula
876 2905 976 2974 junxit,

221 2983 319 3036 Omina
330 2998 370 3037 ter
382 2977 491 3052 cecinit,
504 2999 545 3038 ter
557 2987 633 3038 lauro
646 2998 768 3056 tempora
781 2985 870 3039 cinxit.

220 3061 283 3112 Mox
295 3062 351 3114 alia·
364 3063 429 3114 daut
441 3081 551 3134 quaeque
564 3067 615 3115 tuis
628 3062 786 3114 munuscula
798 3061 873 3114 cunis
888 3081 893 3109 :

220 3141 348 3194 Certatim
359 3143 424 3194 dant
436 3143 552 3216 plectra,
564 3143 663 3216 lyram,
675 3143 839 3214 pellemque,
852 3139 1013 3212 pedumque.

223 3223 294 3274 Dant
307 3237 332 3275 11
343 3223 508 3276 multiforam
521 3225 686 3276 modulanda
699 3223 731 3276 ad
747 3226 865 3276 carmina
876 3222 966 3284 loton,

221 3302 254 3353 Et
266 3304 431 3358 decrescenti
443 3319 595 3378 compactas
609 3305 703 3357 ordine
716 3324 822 3358 avenas.

114 3455 196 3531 Lege
208 3449 343 3530 reliqua3
357 3449 455 3512 dices:
469 3472 575 3511 nonne
593 3453 654 3511 ista
666 3448 825 3523 fabulosa,
842 3460 871 3508 et
887 3469 972 3508 mera
986 3443 1162 3526 mendacia,

114 3555 145 3602 et
158 3553 283 3600 tantum
303 3539 341 3598 ad
358 3539 484 3600 laudem
498 3541 622 3623 Virgilii
638 3533 790 3600 conficta?
803 3539 901 3613 Scias,
917 3541 1039 3606 Lector,
1055 3537 1162 3598 saltem

117 3627 250 3692 tria'ista
263 3629 301 3688 de
314 3650 424 3690 somno
437 3632 546 3706 Lauri,
559 3631 597 3689 de
609 3630 735 3710 apibus,
749 3627 786 3686 de
798 3631 883 3709 virga
897 3627 1032 3710 populea
1044 3624 1084 3724 ab
1097 3649 1165 3726 om·

117 3719 209 3779 nibus
222 3719 356 3791 narrari,
367 3719 421 3800 qui
432 3720 528 3778 vitam
537 3717 660 3798 Virgilii
674 3716 877 3796 scripserunt,
890 3730 918 3774 et
932 3715 971 3772 ab
984 3714 1083 3772 docus
1097 3715 1164 3775 aliis

118 3806 258 3866 admitti:
275 3819 304 3864 et
314 3807 440 3884 reperiri
453 3807 628 3880 neminem,
644 3807 697 3884 qui
712 3802 846 3884 rejiciat:
863 3807 960 3885 immq
975 3801 1015 3860 ab
1028 3817 1163 3862 extremo

121 3894 272 3955 miraculo
283 3915 398 3954 nomen
409 3895 528 3958 factum
537 3899 615 3973 vati3
627 3915 700 3957 nam
713 3915 730 3952 a
743 3896 829 3976 virga
840 3893 989 3975 Virgilius
1002 3915 1008 3950 ι
1021 3893 1165 3973 adquam

122 4007 189 4046 retu
201 3984 314 4046 Calvus
329 3984 451 4058 allusit3
