2742 4596
214 265 277 346 tlt
573 259 893 328 narramur

214 385 272 459 rit,
286 383 361 446 dum
375 385 523 467 vulqotum
535 401 697 446 memorat.
710 387 809 446 Unam
822 406 857 444 ex
869 383 1068 446 Elreririanis
1080 383 1180 446 fnisse
1194 401 1268 445 non
1346 385 1347 410 ¹

215 471 343 548 dubito,
356 473 519 556 probabile
533 473 584 550 lit,
597 478 694 557 patris
707 474 818 534 Daniel
831 495 846 534 s
859 474 961 534 fuisse.
979 474 1139 533 luterdum
1154 489 1264 534 umen
1345 447 1347 552 l

214 561 391 624 Pierianam
405 564 589 640 lectionem,
603 585 673 646 quae
691 579 757 624 erat
770 564 891 624 Atdinae
908 565 1019 646 primae
1034 565 1082 623 rel
1098 563 1264 637 secunde,

216 667 301 714 notae
314 675 376 714 suae
390 651 533 736 praefixit.

585 807 706 868 Codices
718 810 893 868 Bonnarror'.

256 959 335 1019 xlv.
353 959 484 1035 Codices,
504 959 617 1042 quibus
631 965 666 1021 P.
684 965 873 1021 Burmannus
890 979 964 1017 usus
983 969 1046 1027 est,
1068 975 1180 1014 omnes
1199 954 1265 1013 fere

220 1059 291 1104 sunt
301 1063 436 1109 recentes
447 1071 501 1110 nec
517 1053 621 1131 magni
637 1051 786 1109 momenti
798 1071 806 1116 ;
820 1047 1013 1126 omninoque
1027 1041 1080 1101 ille
1089 1041 1213 1116 sordes,
1226 1041 1264 1100 ab

219 1133 349 1196 Heinsio
369 1151 501 1220 spretas,
522 1141 608 1199 inani
624 1161 717 1222 opera
729 1157 800 1198 cum
814 1131 989 1218 pulvisculo
1009 1131 1200 1191 convertisse
1218 1129 1265 1188 di·

219 1223 334 1284 cendus
347 1241 399 1287 est.

259 1313 362 1393 Codex
377 1319 496 1400 chius,
512 1315 730 1378 ebibliotheca
745 1317 838 1397 Regia
852 1311 1031 1384 parisiensi,
1043 1309 1177 1368 Heinsio
1190 1329 1264 1367 eon-

219 1419 331 1476 cessus,
354 1409 405 1484 qui
427 1421 496 1488 post
517 1407 583 1486 ejus
603 1420 734 1465 mortem
757 1405 788 1463 in
811 1399 948 1484 Rylsiano
967 1397 1169 1481 supellectili,
1192 1417 1264 1454 mox
1347 1437 1348 1440 ,

220 1489 302 1570 apud
316 1493 507 1566 Momicium,
523 1496 575 1576 qui
593 1493 761 1552 editionem
780 1511 868 1549 suam
884 1488 923 1548 ad
938 1509 1008 1547 eum
1024 1485 1211 1544 recensuisse
1224 1483 1266 1540 vi-

220 1573 284 1636 deri
300 1579 439 1656 volebat,
455 1581 528 1642 hinc
543 1581 624 1665 apud
642 1581 796 1653 Hulsium,
809 1579 975 1638 Consulem
990 1577 1158 1654 Haganum
1169 1618 1178 1646 ,
1191 1571 1265 1644 tuit,

220 1663 305 1723 unde
321 1667 380 1724 suh
398 1668 508 1729 Codicis
521 1668 662 1730 Hnlsiani
678 1668 806 1726 nomine
820 1665 979 1736 laudatur,
998 1675 1034 1719 ut
1050 1659 1133 1740 apud
1153 1660 1267 1719 Massi-

220 1755 303 1813 cium
318 1749 375 1815 sub
385 1759 566 1831 Parisiis-risis,
583 1773 611 1816 et
622 1755 746 1816 tandem
760 1751 947 1814 Bibliotheca
956 1749 1087 1810 leidensi
1096 1747 1203 1824 illatus
1215 1762 1265 1808 est.

221 1843 374 1921 Antiquos
390 1843 479 1902 valde
491 1858 520 1903 et
531 1846 687 1926 egregius,
699 1857 730 1902 et
742 1843 838 1901 Servii
853 1839 1082 1899 commentario
1095 1841 1265 1896 instructus

221 1941 275 1987 est.
285 1929 354 1988 vid.
364 1945 435 2010 post
444 1932 568 1990 Masric.
580 1931 697 2012 praefat.
708 1932 921 1989 Rus-mannum
933 1929 965 1986 in
977 1924 1097 2007 praefat.
1108 1924 1148 1984 ad
1157 1924 1264 2006 virgil.
1348 1947 1349 1968 1

222 2028 251 2073 et
266 2017 367 2094 patrui
382 2017 635 2077 Admonitionem
648 2017 687 2075 de
698 2015 780 2075 Edit.
790 2017 916 2076 lllasvie.
930 2015 980 2094 (r).

262 2103 366 2164 Codex
384 2105 625 2168 Parrhasianusa
644 2127 831 2189 possessore,
851 2125 942 2186 quem
963 2102 1039 2162 olim
1055 2099 1170 2160 habuit
1189 2104 1265 2160 Jano

222 2188 401 2269 Parrhasio,
423 2195 477 2276 qui
496 2209 562 2254 tum
581 2195 733 2254 variantes
750 2207 781 2252 et
798 2205 887 2252 notas
902 2190 1034 2272 margini
1052 2187 1266 2270 adscripscrat,

222 2289 289 2338 tum
306 2278 402 2340 multa
418 2283 477 2341 alia
495 2283 528 2342 in
545 2281 713 2363 Virgilium
730 2279 957 2340 commentatus
975 2291 1055 2352 erat,
1077 2297 1147 2358 quae
1163 2297 1180 2334 a
1196 2277 1266 2335 Bur·

224 2387 341 2430 manno
356 2371 441 2453 praef.
457 2375 505 2455 (p.
526 2375 576 2452 13)
594 2385 789 2432 enarrantur.
810 2372 869 2430 Hic
883 2368 985 2428 Codex
997 2373 1030 2427 in
1044 2365 1266 2426 bibliothecam

223 2458 318 2518 Henr.
333 2460 460 2522 Adriani
475 2463 585 2522 Markii
601 2475 796 2544 pervenerat,
812 2459 895 2520 unde
905 2479 921 2518 a
932 2458 1082 2518 Masvicio
1093 2453 1267 2515 Marliarsus

225 2547 415 2627 appellatur,
436 2571 470 2610 cx
484 2549 541 2611 hac
555 2553 587 2610 in
605 2551 805 2625 Hulsianam,
818 2561 848 2608 et
859 2546 986 2607 tandem
1001 2547 1031 2604 in
1045 2541 1267 2604 bibliothecam

224 2635 404 2698 Leidensem
431 2643 561 2701 transiit.
585 2641 676 2700 Conf.
701 2641 734 2700 P.
758 2639 927 2699 Burmanni
949 2635 1107 2696 Admonit.
1126 2633 1166 2692 de
1189 2631 1266 2694 Edit.

223 2723 349 2785 Massic.
362 2726 621 2810 Interpolationes
635 2749 671 2788 ex
687 2749 723 2787 eo
737 2727 903 2787 memorari
918 2725 980 2785 ridi
996 2723 1159 2805 plurimas.

264 2811 367 2873 Codex
379 2817 571 2878 Francianus.
585 2818 617 2876 P.
630 2818 776 2876 Francius
790 2828 843 2875 tres
853 2813 976 2896 Virgilii
989 2811 1119 2871 Codices
1132 2809 1268 2892 possede·
1349 2873 1350 2878 χ

226 2913 283 2960 rot.
295 2901 338 2960 Ex
349 2925 407 2964 orto
417 2910 566 2968 vetustiore
573 2905 810 2965 membranaceo
817 2901 997 2962 varietatem
1006 2900 1152 2960 lectionis
1163 2919 1180 2958 a
1191 2901 1208 2960 J
1211 2921 1266 2958 ano
1349 2979 1350 2982 Ἴ

225 2989 439 3055 Brouclshusio
457 3009 629 3077 excerptam
647 3009 678 3054 et
696 2993 827 3054 editioni
846 2990 1033 3052 Commelin.
1049 2985 1142 3064 1646,
1164 2985 1198 3063 lp,
1217 2987 1266 3046 ad·
1349 2991 1350 3002 ¹

227 3080 369 3162 scriptam
387 3105 456 3145 cum
473 3087 652 3144 Burmanno
670 3083 952 3142 communicaverat
962 3078 1166 3153 D'Orvillius,
1181 3095 1267 3160 penes

228 3189 319 3250 quem
331 3171 425 3232 etiam
438 3171 556 3234 alterius
567 3171 689 3233 Codicis
699 3171 928 3231 membranacei
939 3167 1106 3227 Franciani
1117 3165 1266 3246 fragmen·

227 3268 293 3314 turn
308 3277 326 3315 a
342 3259 443 3321 medio
458 3263 524 3321 AEn.
541 3263 554 3320 l
570 3259 607 3321 ad
624 3260 762 3320 medium
779 3257 853 3318 libri
866 3259 908 3318 Vl
926 3257 996 3317 fuit.
1016 3257 1128 3315 Tertius
1140 3255 1212 3312 satis
1225 3275 1266 3312 re·

228 3353 346 3420 tuscus,
375 3349 428 3426 qui
456 3349 615 3408 AEneidem
641 3346 871 3428 complectitur,
897 3355 1002 3405 utrum
1028 3341 1113 3402 idem
1136 3345 1197 3418 sit,
1220 3341 1266 3423 qui

229 3437 355 3492 nuncin
370 3437 653 3498 Amsteloedamensi
668 3435 858 3498 bibliotheca
873 3435 1067 3507 adservatur,
1077 3432 1266 3492 dubitatura

265 3606 303 3678 (r)
316 3607 455 3664 Probabile
468 3613 531 3666 mibi
544 3613 585 3680 fit,
600 3615 672 3668 hunc
687 3633 744 3668 esse
757 3613 892 3679 codicem,
910 3630 987 3684 quem
999 3627 1086 3680 nuper
1095 3608 1241 3660 narrabant
1253 3625 1268 3658 a

230 3685 406 3743 Gallofrancis
415 3709 471 3745 esse
480 3694 643 3748 vindicatum
651 3695 853 3750 etbibliotbecae
862 3693 1003 3749 Parisiensi
1012 3693 1107 3743 lterum
1116 3687 1266 3742 assertum'

260 3833 316 3884 'Ge
331 3845 468 3900 manuscrit,
485 3847 525 3908 qui
538 3845 621 3893 n'arait
637 3850 674 3894 ete
690 3865 736 3912 que
750 3850 816 3912 prete
831 3841 844 3892 s'
860 3847 979 3899 Heinsius,
996 3859 1008 3890 a
1026 3841 1062 3888 e'te
1078 3839 1181 3888 re'clame
1195 3857 1235 3904 par
1247 3838 1266 3886 le

229 3909 334 3956 ministre
343 3909 383 3959 des
393 3911 485 3962 affaires
497 3917 617 3978 etranqere
629 3917 662 3964 du
674 3920 709 3964 roi
721 3917 750 3966 dc
764 3921 858 3964 Franco.
871 3917 966 3980 D’spres
981 3923 1040 3959 certe
1050 3909 1134 3972 simple
1148 3909 1267 3967 demands,

229 3976 246 4026 il
257 3989 290 4025 ert
300 3983 377 4028 reutre
387 3981 443 4030 drns
453 3983 474 4032 la
489 3985 614 4035 collection
625 3987 665 4036 des
677 3991 813 4036 manuscrits
825 3989 854 4035 de
866 3987 887 4034 la
899 3981 1063 4046 bibliotheque
1073 3981 1106 4028 du
1115 3983 1161 4028 roi.
1177 3983 1232 4042 (B.)
