2654 4590
317 313 372 385 IN
396 317 632 389 AENEIDOS
655 316 748 401 ΜΒ.
768 325 835 395 ἸΧ.
1060 341 1098 406 13

72 457 137 498 tro.
157 439 249 501 Ante
263 443 375 524 ipsam
385 443 691 507 transformationem
706 451 772 510 visa
786 455 819 512 in
833 450 907 516 calo
919 453 972 517 lux
989 473 1052 537 est,
1068 476 1099 522 et

39 529 180 610 nimbus,
200 533 241 590 in
260 554 332 616 quo
347 536 460 594 inclusi
478 535 543 595 Dea
555 538 669 618 Cybele
686 554 716 600 et
732 539 817 602 chori
836 547 890 627 qui
910 550 1100 612 comitantur

42 614 139 692 illam,
154 633 188 678 et
197 623 292 681 circa
304 621 459 704 cymbalis
469 627 555 684 aereis
566 640 764 710 perstrepunt
774 653 780 689 ε
792 629 843 692 hic
852 625 924 694 vero
935 633 975 696 ab
986 658 1100 700 aurora

44 725 140 766 aerem
153 715 377 772 transcurrit:
398 712 510 774 deinde
523 735 559 774 ex
571 718 681 778 nimbo
696 717 752 778 illo
765 721 869 782 divina
882 725 1023 805 quaedam
1039 749 1100 790 vox

46 795 146 857 andita
160 821 181 858 a
192 800 351 882 Trojanis
365 817 397 863 et
407 804 539 866 Rutulis.

85 885 150 961 114.
173 891 343 952 Admonet
362 895 498 973 primurn
515 915 575 954 vox
592 903 626 956 ca
642 895 810 978 Trojanos,
837 921 877 961 ne
894 900 1042 966 festinent
1060 905 1100 966 ad

50 976 175 1035 navium
184 999 320 1040 suarum
329 981 542 1042 defensionem
552 1007 559 1059 3
572 1006 643 1044 narn
653 987 739 1066 prius
747 989 868 1048 Turnus
879 994 993 1068 maria,
1005 1014 1101 1073 quam

52 1082 137 1124 naves
152 1083 287 1129 exuret:
310 1071 426 1132 deinde
439 1093 531 1132 naves
543 1091 604 1133 vox
620 1073 728 1133 eadem
742 1073 899 1154 hortatur,
921 1093 954 1140 ut
972 1101 1003 1140 se
1016 1081 1101 1142 funis

11 1216 13 1246 k
52 1149 122 1228 bus,
143 1160 268 1237 quibus
287 1161 393 1241 ligata
412 1175 516 1238 erant,
539 1162 715 1238 exsolvant,
738 1165 850 1227 futurae
869 1167 1010 1251 deinceps
1030 1172 1101 1233 Deae

12 1247 14 1331 L
56 1239 171 1321 pelagi:
188 1247 287 1326 idque
300 1248 339 1306 ad
355 1250 523 1330 imperium
535 1249 673 1331 jubentis
686 1251 825 1334 Cybeles.

13 1351 14 1381 1
95 1349 158 1410 117.
176 1335 340 1395 Hactenus
350 1357 412 1395 vox
422 1358 439 1396 e
449 1336 550 1413 nube,
564 1341 718 1400 aestatim
728 1344 856 1402 navium
870 1347 1011 1405 omniurn
1024 1369 1102 1430 pup-

14 1415 16 1483 }
59 1436 123 1494 pes,
143 1417 214 1479 haec
235 1424 317 1480 enim
338 1445 409 1504 pars
428 1426 560 1506 ligatur,
582 1427 774 1510 abrumpunt
794 1431 937 1506 vincula3
959 1447 1050 1514 atque
1068 1437 1102 1494 in

15 1491 16 1570 l
61 1505 116 1562 ima
136 1510 238 1568 maria
258 1509 444 1594 demergunt
462 1527 578 1588 rostra,
600 1535 670 1597 quae
691 1519 815 1576 suntin
834 1520 950 1598 proris,
973 1519 1011 1579 ad
1031 1541 1100 1580 eum

15 1585 16 1604 ¹
59 1593 203 1671 modum,
227 1621 292 1680 quo
313 1617 439 1682 possent
459 1601 646 1685 Delphines3
675 1620 798 1665 actum
820 1606 1005 1668 totidemin
1024 1611 1101 1668 mari

12 1730 13 1756 ,
60 1683 209 1766 Nymphae
223 1706 393 1770 apparent,
408 1707 487 1773 quot
498 1714 593 1752 naves
608 1695 641 1753 in
656 1693 748 1754 litore
761 1697 894 1756 fuerant.

9 1774 12 1868 q*
100 1773 164 1832 123.
184 1777 424 1840 Conturbantur
443 1783 549 1840 omnia
568 1780 607 1840 ad
627 1782 790 1842 insolitum
807 1783 1004 1865 prodigium,
1018 1784 1103 1846 vide

8 1889 10 1940 1
58 1857 145 1936 licet,
155 1865 281 1942 Rutuli,
295 1871 474 1950 Messapus,
489 1871 561 1949 equi
575 1869 657 1948 ejus3
673 1869 782 1950 Tybris
794 1892 918 1931 cursum
931 1874 1104 1948 continuit,

6 1980 7 2020 t
61 1949 155 2010 immo
175 1965 258 2014 retro
277 1956 370 2017 rediit
388 1973 516 2038 stupore
535 1957 696 2034 miraculi,
717 1979 846 2018 raucum
862 1959 1012 2040 quiddam
1031 1961 1102 2020 sub-

6 2087 7 2119 ,
61 2057 265 2103 murmurans.
285 2047 338 2104 Fit
356 2048 515 2127 praecipua
531 2047 664 2127 Messapi
680 2050 811 2124 mentio,
834 2049 907 2128 quia
927 2049 953 2107 is
965 2051 1103 2132 Neptuni

4 2130 6 2223 j
62 2121 140 2184 filius
153 2129 317 2192 videbatur
327 2133 410 2193 nihil
422 2133 565 2194 debuisse
578 2136 686 2194 timere
699 2156 734 2194 ex
747 2137 869 2196 marino
882 2137 1027 2218 prodigio
1039 2161 1046 2196 :
1058 2139 1102 2197 ‘ita

64 2212 212 2293 conjectat
225 2221 358 2281 Servius
855 2241 859 2252 '
911 2233 915 2242 '

104 2307 164 2364 116.
175 2309 245 2368 Non
256 2310 374 2372 idcirco
383 2315 506 2372 Turnus
514 2311 687 2394 quidquam
698 2310 737 2370 de
747 2309 852 2370 furore
860 2313 993 2388 remisit,
1004 2317 1101 2374 immo

64 2393 205 2458 audacior
217 2415 247 2460 et
261 2401 424 2472 fidentior,
435 2404 555 2462 animos
564 2401 718 2476 militum,
734 2400 1102 2482 quividebanturjacere,

4 2478 5 2484 ἵ
64 2487 148 2565 caepit
160 2488 316 2565 attollere,
331 2504 427 2572 atque
441 2492 613 2571 increpare.

99 2617 154 2652 110.
178 2603 230 2653 Hic
249 2606 374 2675 primum.
403 2607 559 2659 Debuerunt
644 2603 1104 2676 119.Detptinumquemodo.stia

66 2695 119 2734 ante
135 2683 347 2752 conjurationem
360 2689 452 2756 praeire
469 2682 558 2760 signa,
603 2685 655 2736 fuit
669 2685 834 2755 comparatio
850 2683 985 2755 Apollonii
998 2681 1031 2735 de
1047 2687 1103 2736 Ne-

64 2781 163 2814 necasu
171 2783 214 2816 res
223 2766 448 2818 factavideretur:
460 2762 558 2820 deinde
603 2761 724 2816 reldihus
741 2764 787 2814 lib.
809 2765 852 2813 tv.
872 2761 998 2833 Delphini
1015 2775 1105 2815 autem

65 2860 110 2892 ror
121 2845 255 2913 sequitur,
266 2858 295 2896 ut
305 2849 459 2916 conjectura
472 2849 559 2920 signo*
604 2861 686 2912 quum
700 2845 753 2894 ima
766 2843 850 2894 maria
864 2854 972 2912 petunt,
990 2845 1105 2932 primam

65 2941 117 2974 rum
130 2923 256 2978 lirmetur.
270 2927 559 2982 Donat-Novam,
604 2923 644 2972 sui
665 2923 786 2990 corporis
803 2932 906 2989 partem
924 2933 1060 2990 mergunt,
1076 2920 1103 2972 ul

65 3003 173 3056 Notatur
183 3007 298 3071 nimbus,
312 3008 405 3074 idest,
418 3009 560 3080 splendor,
605 3013 658 3068 est,
671 3012 761 3070 caput.
776 2999 884 3048 Taubm.

4 3124 5 3150 3
66 3085 107 3152 qui
119 3084 209 3138 divina
224 3105 340 3158 corpora
351 3107 456 3158 semper
469 3089 559 3144 ambit.
644 3090 701 3142 126.
714 3088 815 3140 Arnon
827 3085 922 3163 audaci
930 3085 1000 3136 cessit
1003 3077 1105 3157 fiducia

65 3163 126 3216 Vide
144 3165 202 3216 AEn.
223 3163 262 3232 ll,
279 3161 346 3238 590:
367 3163 474 3244 annus
493 3187 561 3238 pura
607 3165 705 3222 Turno.
721 3163 749 3220 ln
768 3157 906 3219 codicibus
921 3165 1023 3238 aliquot
1038 3169 1106 3218 anti-

4 3239 5 3251 *
64 3259 221 3312 pernoctem
231 3241 259 3296 in
268 3245 326 3298 lu'ce
334 3247 447 3298 refulsit.
458 3273 468 3295 1
479 3249 558 3300 Taub.
606 3251 664 3319 quis
678 3247 712 3300 ad
725 3247 923 3318 cappacismum
938 3245 1104 3312 evitandum,

65 3351 97 3360 -
115 3326 232 3376 Nimbus.
256 3326 356 3378 Lumen
378 3326 452 3396 quod
472 3329 562 3397 capita
605 3329 773 3398 transpositis
802 3324 963 3376 dictionibus
993 3325 1104 3398 legitur,

65 3403 178 3456 Deorum
191 3406 283 3457 ambit.
296 3407 365 3459 Serv.
381 3435 410 3446 -
421 3407 460 3458 De
472 3407 561 3458 choris
608 3431 619 3456 a
631 3421 720 3460 utnon
732 3405 827 3458 audaci
839 3405 930 3454 Turno
941 3404 1039 3456 fidncia
1049 3423 1105 3457 cesd

3 3469 4 3497 ³
66 3481 137 3534 ldaeis
152 3484 212 3536 vide
227 3485 366 3556 Apollonii
379 3488 559 3557 interpretem.
605 3490 647 3539 sit.
659 3511 670 3535 n
685 3485 736 3538 Sed
747 3487 816 3536 enim
826 3485 897 3536 cessit
900 3481 1002 3556 fiducia
1016 3485 1105 3538 Turno

104 3565 150 3630 ul
174 3567 216 3618 Ne
229 3566 356 3637 trepidate
371 3585 446 3618 meat.
465 3568 514 3618 Pro
529 3586 561 3619 ne
604 3585 710 3618 versum
729 3563 817 3616 reddit
835 3562 1017 3614 sublimiorem
1037 3564 1104 3616 vali·

6 3679 7 3683 ,
65 3641 191 3710 festinetis.
211 3645 244 3695 Et
258 3665 307 3716 per
318 3646 371 3698 hoe
384 3645 561 3718 significatur,
606 3645 829 3714 dioremque,qui
836 3642 1007 3714 languescere
1015 3642 1106 3696 videa-

69 3719 276 3776 ideoadnavium
282 3725 467 3778 defensionem
476 3745 563 3798 egres·
608 3741 663 3790 tur,
676 3723 804 3798 siflducia
818 3725 888 3776 cessit
899 3723 980 3794 legas.
992 3725 1105 3776 Pice:-

71 3818 111 3851 ms
119 3821 233 3858 nouesse
240 3807 384 3876 Troj-anos,
395 3808 455 3876 quia
464 3825 562 3859 numen
606 3806 708 3858 Audaci
722 3805 819 3856 Turno.
830 3805 898 3870 Ecce
909 3804 955 3854 ubi
967 3805 1108 3855 confirmat

73 3875 333 3940 venies-Marta
348 3898 422 3952 anm,
439 3898 484 3938 etc.
503 3888 564 3938 Pul·
607 3885 770 3957 Epitheton,
790 3883 864 3956 quod
887 3885 979 3934 Turno
1002 3895 1109 3954 semper

13 3954 17 4017 l
74 3959 564 4040 chrealocoinquoerant,postibili·
608 3967 735 4036 imponit,
754 3977 779 4018 et
803 3964 854 4015 hoc
878 3962 968 4015 colore
988 3963 1109 4015 futuram

15 4050 18 4106 J
73 4050 144 4100 tatem
152 4051 253 4102 sumsit.
265 4048 367 4099 Donat.
610 4049 757 4107 orationem
771 4044 894 4098 ostendit.
905 4043 974 4094 Sem,
