2726 4592
421 344 425 352 ..
472 265 690 342 LAUDES.

59 407 213 480 colimus,
226 405 260 462 in
273 401 371 462 oculis
385 412 556 482 gestamus,
569 421 606 461 ex
618 405 707 483 aequo
723 423 793 462 cum
806 405 943 468 Homero
958 405 1014 471 suo
1027 424 1110 472 stan·

61 511 134 556 tem.
147 521 161 554 n
176 491 324 555 Politian.
337 490 377 550 dc
386 490 534 570 Virgilio;
551 511 690 571 «magno
703 491 862 553 contendit
874 497 1021 559 Homero.
1035 525 1049 556 u
1063 502 1110 562 Ad

61 585 146 646 hanc
161 583 327 666 paritatem
340 579 465 656 videtur
483 593 630 662 spectasse
648 581 876 658 Quintilianus,
899 607 996 666 quum
1019 589 1075 651 lib.
1097 595 1111 654 l

63 679 121 750 ait,
132 675 299 734 lectionem
312 669 524 752 inchoandam
539 671 577 730 ah
588 672 726 730 Homero
738 683 766 731 et
777 672 926 753 Virgilio,
940 691 975 737 ut
986 681 1120 748 animus,

61 763 192 848 puerilis
206 773 346 842 assurgat
361 759 551 820 sublimitate
565 759 685 820 heroici
704 755 867 838 carminis,
882 776 916 823 ut
935 786 970 824 ex
991 774 1112 850 magni.

61 854 172 916 tudine
184 865 288 911 rerum
303 851 449 932 spiritum
464 849 572 924 ducat,
587 863 623 909 ut
635 850 761 930 optimis
771 850 939 912 imbuatur.
950 855 1017 914 Hoc
1027 857 1111 920 idern

62 943 100 1003 dc
113 963 179 1003 uno
190 939 339 1021 Virgilio,
353 962 419 1000 non
434 939 472 1000 de
485 943 622 1000 Homero
638 941 762 1023 scripsit
773 943 901 1024 August.
914 945 969 1008 lib.
982 949 1072 1014 ICiv.
1083 965 1113 1015 et
1134 1003 1135 1006 ,

63 1055 100 1094 cx
114 1054 151 1094 eo
164 1029 311 1092 Abulens.
327 1031 361 1090 in
370 1031 486 1091 Genea.
499 1051 569 1112 cap.
584 1032 628 1091 18.

441 1184 560 1223 aaaron
581 1157 739 1224 nomano.

102 1300 222 1378 Negent
240 1295 301 1361 hoc
315 1297 386 1356 caeci
402 1306 432 1356 ct
450 1315 520 1354 vere
534 1295 708 1370 Homerici,
727 1315 793 1356 non
810 1295 873 1358 alii.
890 1299 935 1358 Ex
950 1301 1111 1368 Macrobio

63 1390 125 1448 ista
138 1384 265 1466 collegi,
280 1385 388 1446 multis
399 1385 519 1444 omissis
529 1407 536 1444 :
546 1395 567 1438 ἰι
578 1383 727 1464 Virgilius
740 1387 878 1446 Homero
889 1387 984 1449 ditior
996 1407 1057 1467 est,
1068 1394 1115 1455 lo*

62 1475 232 1558 cupletior,
247 1474 374 1550 cultior,
388 1475 515 1549 clarior,
530 1473 643 1534 fortior
654 1475 686 1533 vi
701 1489 971 1556 argumentorum,
984 1479 1119 1566 diligen,

62 1570 142 1638 tior,
164 1562 392 1640 observantior,
415 1565 555 1640 uberior,
577 1561 774 1646 pulchrior.»
801 1565 964 1641 Praete'rea‚
988 1570 1113 1636 «defuit

60 1659 218 1730 Homero,
232 1651 316 1734 quod
332 1652 442 1735 adjecit
452 1652 638 1732 Virgilius„
653 1652 706 1727 Et,
722 1654 910 1736 «siquando
925 1655 1009 1717 deest
1021 1659 1114 1744 copia

62 1747 96 1806 in
109 1744 211 1804 latino
224 1763 366 1802 sermone
379 1742 420 1823 ad¹
431 1739 668 1824 exprimendum
681 1743 871 1818 Homerum,
885 1765 951 1804 rem
967 1761 1116 1830 compen·

63 1845 111 1892 sat
130 1833 279 1892 varietate
298 1829 551 1912 descriptionis.»
572 1832 652 1912 Lege
669 1851 737 1913 cap.
761 1823 925 1906 11,'lib.v·
939 1835 1037 1912 Satur.
1059 1839 1115 1898 ubi

62 1923 164 1984 multa
182 1921 254 1982 loca
275 1917 416 1998 adducit,
435 1923 470 1981 in
489 1921 602 2002 quibus
615 1921 766 2004 Virgilius
786 1913 959 1984 Homerum
979 1943 1114 2009 superat.

61 2012 141 2088 Quae
154 2032 229 2072 vero
245 2010 330 2070 idern
344 2011 483 2071 Macrob.
498 2011 619 2092 scripsit
631 2031 700 2094 cap.
712 2011 785 2074 Xlll
797 2025 827 2072 et
842 2010 911 2073 aliis
927 2012 1068 2094 ejusdem
1079 2017 1114 2078 li-

62 2105 131 2178 bri,
146 2099 261 2182 quibus
276 2103 335 2174 ait,
347 2100 516 2182 Virgilium
528 2102 667 2182 superari
681 2098 721 2160 ah
733 2102 890 2175 Homer0,
905 2123 1029 2184 aspersa
1043 2119 1117 2170 sunt

63 2189 152 2252 mille
168 2191 276 2269 nugis:
292 2202 335 2248 est
349 2191 453 2266 eninr,
468 2191 511 2250 ait
527 2189 675 2269 Scaliger,
690 2183 843 2272 pessimus
861 2189 1036 2274 lancinator
1047 2192 1115 2254 Ma-

61 2280 202 2345 crobius.
218 2279 274 2340 Sed
290 2277 383 2340 redeo
399 2279 438 2339 ad
454 2300 601 2361 pensum:
618 2274 774 2358 elogium,
786 2280 821 2336 in
834 2301 896 2362 quo
912 2277 1116 2363 sum„attigit

63 2369 242 2433 Politianus
256 2387 310 2426 ore
322 2367 450 2428 Mantus
465 2367 623 2448 loquentis
638 2368 682 2424 ita
696 2385 767 2424 curn
777 2366 911 2452 Virgilio
921 2390 938 2440 3,

164 2496 260 2566 Euge,
272 2493 350 2545 beate
362 2511 443 2564 puer,
456 2493 563 2564 sanguis
575 2506 663 2556 meus,
676 2489 785 2541 horreat
797 2483 870 2541 ortus

173 2577 281 2628 Graecia
289 2587 346 2626 tota
359 2587 431 2640 tuos3
444 2574 604 2643 laurumque
616 2571 742 2624 habitura
754 2571 914 2636 secundam,

173 2657 271 2721 Ascra,
282 2653 416 2711 Arethusa
428 2655 482 2704 suis
495 2665 615 2704 metuant
627 2664 653 2703 ct
664 2651 775 2722 Smyrna
787 2652 903 2716 coronis.

63 2773 151 2835 Dicit
167 2768 357 2844 Hesiodum,
370 2768 591 2848 Theocritum,
608 2751 782 2826 Homerum
796 2756 968 2828 vincendos
984 2791 999 2828 a
1014 2773 1116 2851 Virgi-

63 2865 108 2923 lio
117 2859 131 2937 ,'
139 2869 168 2920 et
180 2857 344 2919 habituros
358 2877 423 2916 non
433 2859 585 2938 primam,
595 2855 647 2914 scd
660 2851 982 2937 secundani'laurum:
995 2869 1024 2915 et
1034 2860 1115 2918 infra

64 2953 106 3013 de
122 2949 192 3010 solo
207 2948 362 3008 Homero:

173 3074 231 3124 Nec
240 3075 296 3142 jam
310 3071 428 3142 supremi
441 3080 543 3120 certent
555 3067 588 3120 de
601 3069 730 3140 sanguine
743 3069 811 3118 vatis

174 3153 299 3224 Smyrna,
312 3151 436 3214 Rhodos,
449 3147 607 3218 Colophon,
619 3143 746 3214 Salamis,
758 3147 852 3215 Chios,
864 3146 964 3217 Argos,
976 3145 1086 3200 Athenae
1099 3172 1104 3200 ε

174 3233 282 3304 Quippe
294 3233 453 3283 Bianorearn
465 3241 554 3278 manet
567 3226 622 3278 haec
635 3229 748 3279 victoria
760 3239 873 3302 gentem.

64 3354 185 3414 Auctor
195 3349 261 3428 ejus
272 3353 355 3424 vitae,
368 3346 406 3406 de
416 3344 557 3408 AEneide:
573 3369 586 3400 u
598 3334 824 3428 Argumentum
836 3345 958 3402 varium
971 3358 1001 3404 et
1010 3343 1119 3406 multi.

65 3441 154 3523 pler,
174 3454 206 3499 et
228 3441 314 3519 quasi
330 3436 498 3498 amborum
519 3437 649 3495 Homeri
672 3437 846 3494 carminum
868 3434 990 3494 instar:
1015 3438 1119 3517 itaque

65 3531 163 3589 unico
179 3548 272 3610 opere
291 3527 471 3607 complexus
488 3539 532 3586 est
547 3524 622 3583 bina
640 3524 822 3596 Homerica,
837 3523 921 3602 quod
941 3525 975 3586 in
989 3525 1119 3589 victoria

66 3638 166 3699 pono.
181 3615 295 3676 Muret.
308 3617 342 3673 in
355 3618 442 3676 Orat.
453 3615 622 3696 quapiam:
640 3615 653 3666 o
664 3612 765 3670 AEneis
778 3631 889 3692 poema
902 3625 959 3687 cst,
972 3628 1120 3690 noctan-

65 3721 134 3768 tum
149 3707 232 3766 inter
242 3707 351 3766 omnia
364 3704 461 3764 latina
471 3707 537 3764 sine
550 3701 746 3762 dubitatione
756 3702 1056 3782 praestantissimum,
1067 3705 1120 3782 scd

64 3798 164 3856 etiarn
184 3796 312 3856 Graeciae
331 3794 464 3875 gloriam
484 3796 517 3853 in
531 3813 682 3874 magnum
697 3792 863 3852 discrimen
883 3811 1006 3866 vocans.
1027 3793 1119 3871 Quod

65 3897 198 3976 propter
213 3887 387 3946 Homerum
402 3883 481 3961 dici,
496 3897 625 3968 certum.
638 3883 768 3942 Hieron.
779 3880 850 3943 Vid.
865 3881 920 3942 lib.
935 3883 1048 3942 lPoct.
1102 3947 1108 3963 Α

176 4013 252 4068 Unus
264 4013 309 4068 hic
321 4017 429 4089 ingenio
441 4017 591 4089 praestanti,
603 4014 689 4089 gentis
701 4011 807 4067 dchirae
831 4017 833 4024 ⁴

935 4095 976 4168 24.
