2742 4596
376 285 591 353 OPER'UM
614 285 856 352 VIRGILII.
969 291 974 300 ‘

526 423 704 476 securum

87 539 287 604 Conticuere
301 555 427 600 omnes.
439 515 540 600 Tunc
549 535 595 600 sic
607 535 805 600 sanissimus
815 533 914 601 heros

86 649 166 711 Fata
179 642 371 710 recensebat
383 641 507 733 Trojae,
520 665 682 733 casusque
695 665 831 708 suorum
844 667 851 706 :

85 753 232 818 Fallaces
245 752 360 816 Graios
373 774 379 813 :
394 750 612 841 simulataque
625 749 713 816 dona
724 752 903 818 Minervae:

85 861 266 927 Laucontis
277 883 412 950 poenam
423 885 430 924 :
443 859 607 926 laxantem
619 861 758 928 claustra
770 862 927 928 Sinonem
939 885 945 926 :

85 965 262 1045 Somnum,
276 987 343 1055 quo
356 965 501 1030 monitus
512 982 686 1054 acceperat
698 967 866 1046 Hectoris,
879 982 1005 1032 atrum:
1108 977 1137 1026 25

83 1074 159 1136 Jam
172 1074 320 1138 flammas
334 1073 419 1154 caeli,
433 1075 575 1155 Troum,
587 1075 769 1164 patriaeque
781 1075 907 1155 ruinas,

83 1183 127 1248 Et
139 1183 226 1272 regis
238 1183 357 1247 Priami
370 1181 475 1248 fatum
488 1165 674 1249 miserabile
688 1201 839 1272 semper:

84 1281 351 1379 Impositumque
363 1306 490 1378 patrem
504 1290 610 1356 collo:
624 1289 804 1380 dextraque
816 1287 1019 1379 prehensum

83 1395 276 1476 Ascanium,
290 1395 410 1462 frustra
421 1419 440 1462 a
453 1412 546 1484 tergo
558 1397 736 1463 comitante
749 1400 891 1462 Creusa:

85 1504 242 1593 Ereptum
253 1505 339 1572 hanc
351 1506 419 1571 fato
431 1531 438 1570 :
452 1506 559 1572 socios
571 1507 605 1570 in
617 1523 731 1572 monte
742 1517 904 1595 receptos.

536 1647 681 1694 runru.

80 1755 159 1819 Post
172 1777 286 1820 eversa
297 1756 465 1847 Phrygum
476 1775 593 1843 regua,
605 1771 644 1820 ut
655 1755 732 1844 fuga
745 1772 853 1843 caepta
864 1753 1008 1820 moveri:

82 1865 195 1953 thue
207 1863 251 1928 sit
262 1863 296 1928 in
308 1862 460 1928 Thracen
473 1863 581 1950 primo
594 1865 767 1942 devectus,
781 1862 894 1953 ibique

81 1969 206 2034 Moenia
218 1967 421 2048 condiderit,
434 1967 589 2058 Polydori
601 1967 692 2036 coede
704 1969 802 2058 piata.

81 2079 180 2167 Regis
192 2095 226 2143 et
237 2078 419 2168 hospitium
431 2103 438 2143 :
451 2095 489 2144 ut
501 2077 617 2144 Phoebi
629 2103 789 2168 respousa
801 2081 976 2159 cauebant,

80 2183 238 2273 Coeptum
250 2185 313 2250 iter
323 2185 358 2250 in
371 2187 502 2250 Cretam
514 2209 520 2248 :
535 2207 648 2252 rursus
660 2210 747 2252 nova
759 2161 825 2252 fula
835 2202 975 2275 reperta.
1103 2197 1132 2244 35

79 2289 266 2379 Naufragus
280 2307 316 2356 ut
328 2291 428 2356 fuerit
440 2290 640 2379 Strophadas
652 2293 843 2380 compulsus
855 2290 898 2359 ad
909 2290 1026 2356 undas.

80 2393 164 2460 Inde
178 2396 305 2484 fugam,
320 2414 352 2462 et
364 2396 444 2462 dirae
458 2414 586 2462 enarrat
597 2416 762 2486 praecapta
774 2399 944 2464 Celaenus:

78 2503 230 2593 Liquerit
240 2518 345 2592 utque
358 2504 524 2569 Helenum
535 2505 708 2592 praeceptis
721 2503 839 2568 ordine
851 2502 941 2581 fatis,

79 2606 271 2696 Supplicem
282 2608 540 2674 Achaemeniden
552 2608 756 2700 Polyphemo
768 2623 907 2696 urgente
919 2605 1058 2695 recapit,

81 2716 312 2804 emissumque
324 2733 453 2805 petrem
465 2717 626 2806 Drepani,
639 2734 739 2807 atque
751 2713 920 2781 hincinde
933 2713 1070 2803 quievit.
1099 2720 1129 2778 lo

525 2858 686 2919 Quaeri
758 2865 764 2877 ¹

78 2963 119 3025 m
131 2963 246 3050 regina
258 2965 348 3051 gravi
361 2964 500 3028 Veneris
509 2962 578 3054 jem
590 2964 736 3053 carpitur
747 2964 826 3052 igui.

80 3071 272 3136 Consulitur
284 3094 377 3138 soror
389 3076 483 3136 Anna
495 3097 501 3135 :
515 3073 623 3160 placet
635 3073 852 3140 succumbere
864 3072 969 3138 amori
981 3095 987 3133 :

79 3175 180 3242 Fiunt
192 3200 282 3246 sacra
294 3177 365 3244 daia
378 3202 384 3242 :
398 3196 579 3244 onerantur
589 3181 727 3246 numina
739 3179 845 3248 donis.

79 3282 149 3349 Itur
161 3305 329 3354 renatum.
342 3287 481 3352 Veneris
494 3287 578 3352 clam
590 3289 716 3354 foedera
724 3291 879 3380 jungunt.

80 3386 170 3456 Facti
183 3392 270 3458 fama
281 3394 548 3462 volatzmonitus
561 3412 640 3462 tuuc
651 3399 789 3462 numine
801 3395 917 3460 divum
1099 3402 1128 3460 li

79 3493 197 3560 AEneas
209 3496 414 3589 classemque
426 3499 515 3590 fugae
526 3501 702 3590 sociosque
714 3499 857 3589 parabat.

79 3600 187 3669 Sensit
198 3628 312 3671 amans
325 3605 427 3688 Dido,
439 3609 595 3696 precibus
606 3625 725 3676 conata
736 3609 868 3674 morari.

78 3707 256 3798 Postquam
268 3711 334 3776 fata
342 3712 477 3803 jubent,
491 3737 554 3780 nec
562 3713 632 3804 jam
644 3712 742 3780 datur
751 3714 818 3778 ulla
829 3711 980 3792 facultas,

113 3911 154 3963 26.
177 3912 309 3982 Flammas
331 3915 402 3982 ccli,
430 3937 488 3989 que
514 3918 579 3971 reela
616 3918 745 3995 flammas
762 3914 812 3979 Ili,·
834 3929 879 3970 aut
887 3916 1028 3993 flammas,
1048 3911 1127 3966 coedes

80 3987 167 4058 ibant,
191 3992 227 4046 ad
252 3995 346 4049 caelum
369 3999 522 4070 surgebant.
548 4001 577 4052 F.
626 3997 732 4052 Troum.
746 3997 896 4052 Naumale.
