2726 4592
214 306 280 376 ms
395 303 430 368 r.
454 299 685 364 vrnormr
709 300 941 368 morosis
965 270 1081 370 urm

209 433 282 516 gica
294 430 391 490 serius
401 443 497 507 quam
506 420 574 504 724,
585 419 742 497 absoluta,
754 422 865 484 saltem
876 423 959 486 edita
969 426 1132 506 etvulgato
1141 425 1254 488 luisset

210 537 351 600 namque
361 513 441 574 illud
455 509 681 592 nonnullorum
698 525 927 588 commentum,
947 514 987 574 de
1004 515 1145 577 verubus
1161 517 1256 576 serius

212 621 247 670 et
265 601 399 668 secunda
414 599 517 680 aliqua
530 599 707 660 recensione
726 601 865 676 insertis,
882 601 968 684 quod
979 601 1062 666 forte
1078 623 1117 664 ex
1130 604 1256 666 Donato

209 699 239 778 ς.
254 697 310 768 50,
326 692 460 775 petitum
477 702 535 763 est,
554 707 620 748 non
638 686 810 750 admodum
827 691 1009 770 probamus.
1029 691 1132 754 Multo
1153 694 1256 754 minus

209 780 369 846 HarduIni
383 779 503 838 somnia
516 797 573 838 nos
587 776 754 854 tenebunt,
772 798 844 838 cum
858 779 890 838 in
904 779 1048 862 reliquis,
1063 794 1137 842 tum·
1151 783 1186 842 in
1203 781 1255 855 iis.

208 893 283 958 quaa
294 882 518 952 extemporum
532 868 675 949 angustia
687 881 796 930 contra
807 865 945 932 AEnoidis
957 889 973 930 a
984 871 1255 954 Virgilio-suscep»

206 977 280 1024 tum
290 979 368 1042 opus
378 959 516 1040 disputat
526 957 559 1017 in
571 955 800 1040 Psettdouiryiiio
808 959 902 1038 (inter
912 959 1014 1042 Opera
1025 963 1111 1022 varia
1124 983 1156 1043 p.
1168 961 1253 1039 stop

206 1051 283 1112 talia
297 1047 452 1122 refellere,
471 1046 569 1107 nostri
590 1047 648 1108 otii
667 1065 733 1106 non
755 1060 813 1108 est.
834 1048 910 1110 Post
929 1046 990 1110 hoe
1007 1052 1113 1131 itaque
1130 1065 1255 1130 tempto

209 1143 305 1204 etiam
316 1139 370 1200 'ille
384 1138 470 1198 locus
481 1137 550 1198 AEn.
562 1136 620 1212 vl,
637 1157 710 1218 792,
727 1139 859 1220 scriptus
878 1157 944 1200 etse
961 1139 1069 1201 debet:
1092 1141 1176 1200 allio
1193 1141 1254 1214 vir,

209 1231 262 1292 blo
279 1242 337 1303 est,
351 1224 411 1288 tibi
430 1245 524 1308 quem
539 1225 684 1308 promitti
702 1227 816 1309 soepius
834 1226 942 1303 audis,
962 1229 1118 1310 Augustus
1136 1229 1256 1300 Ceasar,

208 1322 283 1384 Divi
332 1337 426 1378 nus.»

249 1339 403 1490 suffossus
418 1402 503 1465 ballo
519 1404 553 1463 in
568 1403 736 1464 Britannos
752 1417 880 1486 parato,
895 1403 947 1468 sed
964 1424 1037 1468 mox
1049 1405 1202 1486 seposito,
1216 1400 1255 1464 ab

207 1497 292 1559 Urbe
306 1497 339 1555 iu
351 1491 471 1556 Gallias
480 1504 513 1552 et
531 1492 697 1573 Hispanias
710 1487 937 1574 proficiscitur:
958 1491 1020 1554 vid.
1036 1493 1097 1571 Dio
1110 1492 1200 1572 LIII,
1219 1509 1255 1550 22

208 1609 274 1670 sqq.
285 1587 368 1666 Ergo
381 1586 478 1644 Janus
490 1603 575 1642 nunc
589 1593 750 1642 reseratus.
765 1582 895 1644 Messala
914 1603 951 1644 ex
962 1581 1067 1644 Gallia
1080 1579 1257 1664 triumphat

208 1676 266 1736 VII
280 1673 348 1734 Kal.
363 1672 490 1733 Octobr.
505 1691 533 1730 v.
545 1669 585 1730 ad
598 1669 715 1730 Tibull.
728 1672 760 1746 I,
772 1691 801 1752 7.

248 1765 342 1822 Hunc
366 1781 462 1842 porro
485 1781 603 1819 annum
626 1761 785 1841 assignant
804 1761 863 1821 viri
882 1761 966 1822 docti
989 1761 1104 1842 Satyrae
1126 1757 1255 1818 decimae

206 1853 278 1914 libri
290 1853 304 1910 l
323 1851 463 1926 Horatii,
475 1851 510 1908 in
524 1870 586 1931 qua
600 1869 630 1910 v.
651 1848 704 1926 45,
726 1873 740 1906 n
752 1849 849 1910 molle
864 1863 956 1934 atque
969 1849 1101 1911 facetum
1121 1847 1256 1928 Virgilio

207 1938 386 2001 adnuerunt
394 1935 562 2018 gaudentes
575 1956 646 2004 rure
658 1938 849 2000 Camenae.»
866 1938 961 2016 Quod
981 1936 1136 2020 judicium
1156 1955 1257 2017 quum

206 2024 352 2088 unicead
362 2021 507 2084 Bucolica
521 2035 551 2084 et
565 2023 719 2105 Georgica
732 2039 846 2108 spectet
857 2026 935 2108 (vid.
951 2048 1043 2108 supra
1058 2023 1097 2084 de
1109 2023 1258 2084 Carmine

205 2115 354 2179 bucolico
361 2115 450 2174 Tom.
460 2114 509 2193 l.),
525 2136 685 2198 quumque
698 2113 818 2177 ibidem
831 2140 838 2175 ε
854 2142 868 2173 α
879 2115 960 2178 forte
973 2137 1046 2202 epos
1062 2137 1142 2191 acer,
1151 2117 1259 2178 Utne·

206 2225 277 2280 mo,
288 2203 401 2264 Varius
412 2203 513 2278 ducit,
524 2227 538 2260 a
555 2202 709 2284 adjectum
722 2205 777 2280 sit,
788 2202 867 2264 nihil
880 2201 985 2265 adhuc
998 2203 1036 2264 de
1045 2202 1173 2266 AEneide
1187 2213 1256 2262 tum

206 2309 333 2382 poetam
348 2295 511 2376 cogitasse,
524 2291 606 2354 nibil
618 2307 697 2355 certe
712 2295 869 2378 vulgasse,
883 2294 1049 2378 probabile
1061 2293 1107 2354 fit.

641 2422 683 2486 U.
699 2423 734 2486 G.
753 2421 827 2510 728.
886 2418 889 2424 “

328 2551 432 2617 Coesur
442 2551 603 2641 Aegrotas
620 2549 711 2616 VIII
716 2577 725 2616 .·
745 2549 781 2618 Τ.
794 2548 937 2618 Statilius
949 2548 1071 2618 Taurus
1083 2539 1132 2616 ll.

498 2659 541 2721 A.
556 2657 589 2722 e.
607 2657 659 2724 26.
677 2655 807 2748 msto
818 2658 958 2741 ‹lt-45·

245 2788 303 2849 VII
324 2787 392 2848 Kal.
416 2789 505 2848 Febr.
526 2790 604 2850 Sext.
624 2790 774 2872 Apuleius
797 2812 832 2852 ex
854 2791 1005 2874 Hispania
1027 2790 1257 2873 triumphabiti-

205 2901 278 2942 eum
296 2880 401 2960 itaque
415 2881 576 2960 superlore
596 2897 680 2939 anno
697 2881 744 2940 r'es
765 2883 800 2940 io
816 2883 968 2962 Hispania
980 2881 1113 2940 feliciter
1131 2883 1258 2962 gessisse

205 2970 328 3032 credere
342 2968 425 3029 licet.
442 2967 595 3030 Comoedias
609 2967 715 3030 Gallus
734 2972 854 3051 primus
867 2972 991 3054 AEgypti
1011 2970 1176 3054 praefectus
1196 2972 1258 3032 Au·

205 3059 349 3142 gustalis,
364 3079 462 3141 quum
480 3071 608 3140 propter
622 3059 721 3121 multa
737 3059 889 3141 flagitiose
905 3075 971 3121 acta
986 3060 1118 3120 infamia
1138 3059 1179 3120 ab
1196 3062 1258 3120 Au·

205 3163 296 3231 gusto
312 3161 450 3224 notatus,
465 3167 538 3208 mox
551 3161 583 3208 ct
602 3163 726 3208 senatus
740 3147 863 3230 judicio
875 3150 1040 3211 damnatus
1053 3163 1143 3226 esset,
1164 3149 1256 3210 dolo·

205 3259 271 3296 rem
293 3257 358 3296 non
381 3234 497 3313 ferens,
524 3257 652 3318 poenam
674 3251 776 3298 morte
795 3235 972 3299 voluntaria
994 3241 1170 3300 antevertit.
1194 3240 1255 3299 Dio

203 3323 290 3398 Llll,
305 3323 352 3382 23.
363 3321 438 3402 Ejus
448 3323 555 3385 laudes
568 3337 681 3406 quarto
693 3326 921 3408 Georgicorum
933 3325 1016 3386 libro
1026 3324 1156 3407 Augusti
1167 3323 1257 3406 jussu

168 3475 171 3482 ,
205 3423 274 3471 tum
288 3409 423 3472 sublatas
436 3413 556 3474 Aristaei
570 3411 688 3475 fabulae
700 3415 804 3475 locum
817 3415 937 3492 iecisse,
951 3413 1257 3476 narrantGramma·

207 3499 262 3559 tici
272 3522 279 3572 ;
291 3519 318 3559 v.
333 3499 486 3584 Donat.§.
501 3503 553 3581 393
566 3503 686 3584 ServIns
699 3503 738 3562 ad
751 3505 816 3564 Ecl.
826 3507 868 3582 X,
887 3525 912 3565 1.
1048 3507 1050 3512 ’

637 3639 678 3704 U.
695 3641 731 3706 C.
770 3663 789 3706 2
813 3681 814 3684 =

341 3719 344 3726 Ι
381 3657 1072 3864 CaesarAuqusus·JX:ilt9iuntosSatanas.

490 3868 533 3932 A.
551 3866 584 3932 e.
603 3868 655 3936 2⁸5.
673 3869 809 3960 ‘Vtrqsta
820 3870 960 3952 45-246.

247 3997 412 4079 Expeditio
423 3999 552 4080 Augusti
569 4006 604 4068 in
615 4005 812 4100 'Cantabrum
828 4008 987 4071 mrem
999 4015 1103 4068 enma'
1116 4001 1254 4086 Virgilio
