2742 4596
270 342 272 346 .
371 315 586 381 ornnun
608 317 851 424 waeran.

557 459 662 505 nortl.

87 560 197 648 Atque
210 583 248 626 ea
261 555 391 630 diversa
403 561 484 630 dum
494 581 603 655 parte,
616 564 671 634 hic
683 565 760 635 diva
770 571 904 662 Cybebe

87 670 220 764 Puppes
234 695 306 739 csse
318 697 392 740 suas
404 669 636 766 Nympharum
643 679 781 746 numina
787 682 887 772 jussit
898 710 906 750 ε

86 775 220 867 Euryali
233 797 267 845 et
278 781 348 846 Nisi
359 781 466 875 caedes
479 798 513 848 ct
524 783 590 848 fata
602 801 784 852 canuntur:

88 883 218 949 Fecerit
229 885 375 954 inclusus
387 891 500 956 castris
513 914 587 981 quae
600 892 717 958 funera
728 896 872 963 Turnus.
981 934 984 944 ¹

534 1035 688 1083 DECIMI.

86 1129 247 1196 Panditur
258 1135 385 1202 interea
396 1137 513 1203 caelum
525 1156 697 1232 coetusque
709 1139 860 1210 deorum.

84 1234 159 1298 Jam
170 1236 259 1302 r'edit
268 1241 402 1321 AEneas,
415 1257 449 1306 et
461 1243 564 1310 Pallas
577 1234 716 1310 caeditur
727 1269 812 1314 acer.

85 1342 218 1433 Eripuit
228 1346 318 1412 Juno
329 1349 497 1432 Turnum,
510 1353 677 1443 Lausique
686 1372 861 1443 parentem

86 1447 218 1541 Adjecit
229 1455 385 1522 comitem
396 1461 512 1525 mortis
524 1447 698 1551 Cythereia
709 1464 831 1553 proles.

508 1601 718 1652 unonctntr.

86 1699 221 1768 Oceano
233 1704 360 1773 interea
370 1729 508 1798 surgens
519 1713 647 1778 Aurora
658 1713 794 1780 videbat

85 1806 233 1872 Mezenti
245 1807 338 1876 ducis
352 1815 483 1880 exuvias
496 1839 664 1908 caesosque
677 1818 822 1903 sodales,

86 1911 129 1976 Et
139 1914 273 1982 Latium
283 1943 437 2008 proceres
448 1925 620 1992 Diomedis
633 1924 720 1992 dicta
731 1931 869 2020 referre,
925 1943 926 1946 ’

87 2024 176 2089 Tum
189 2028 293 2118 qualis
304 2053 427 2122 pugnae
439 2021 595 2104 succedat
605 2041 743 2106 Etrusca
755 2043 900 2107 Camilla.

494 2181 729 2228 DUODECIMI.

86 2270 225 2341 Turnus
236 2293 275 2342 ut
285 2279 441 2348 infractos
451 2283 588 2350 vidisset
598 2288 610 2370 (
617 2289 664 2371 et)
674 2285 824 2375 undique
837 2309 953 2366 caesos,

90 2382 187 2447 Ultro
199 2383 420 2454 Anchisiaden
432 2388 521 2458 bello
532 2415 594 2481 per
605 2391 732 2456 foedera
742 2393 864 2480 poscit,

88 2489 172 2572 Quae
184 2490 204 2553 J
208 2505 327 2557 uturna
338 2513 432 2584 parat
443 2497 646 2579 convellere,
660 2495 719 2562 sed
732 2513 843 2562 tamen
854 2497 953 2561 armis

88 2595 234 2678 Occidit,
248 2615 282 2664 et
291 2617 427 2688 pactum
438 2604 535 2696 liquit
547 2631 624 2673 cum
635 2605 780 2697 conjuge
788 2628 938 2695 regnum.

486 2843 490 2850 .
584 2793 645 2854 IX.

181 2965 300 3031 Incerti
311 2966 429 3049 Poetoe,
442 2969 528 3058 apud
540 2970 704 3036 nonnullos
720 2969 839 3051 Ovidii,
858 2969 1050 3035 Tetrasticha

512 3081 546 3140 in
558 3077 720 3168 Georqt'ca.

516 3273 722 3345 nuenario.

94 3376 208 3462 Qualis
220 3376 394 3456 Bucolicis,
409 3394 551 3466 quantus
564 3379 683 3444 tellure
695 3376 875 3458 domanda,

93 3483 242 3564 vitibus,
254 3483 509 3578 arboribusque,
522 3487 654 3576 apibus,
666 3487 865 3576 pecorique,
879 3487 1025 3578 satisque

97 3589 283 3657 AEneadum
295 3593 396 3659 fuerit
407 3612 512 3677 vates,
526 3595 731 3662 Tetrasticha
743 3594 864 3660 dicent.

98 3701 276 3765 Continent
287 3724 361 3791 quae
374 3703 515 3793 quisque
526 3703 624 3784 liber,
638 3703 711 3794 lege
723 3703 867 3769 carmina
879 3717 1000 3766 nostra.

132 3947 177 4015 47·
191 3945 220 3996 F·
233 3946 369 4021 Lausoque
375 3962 509 4022 parentem
517 3952 645 4026 Arq'ect't...

133 4022 178 4078 53.
193 4025 263 4078 Bene
275 4027 454 4094 Burmannus3
471 4041 502 4084 ut
517 4031 639 4104 infractos
650 4029 714 4083 vidit
724 4029 819 4085 cessisse
829 4029 942 4082 Latinos.
