2726 4592
226 308 291 377 366
474 303 508 366 Ρ.
532 297 764 365 VlRGlLll
787 299 1025 367 MARONIS'

227 435 314 496 sitin
328 429 428 501 Actio,
441 425 615 508 probatque
626 421 789 503 exemplis,
800 419 967 504 Virgilium
978 443 1068 483 usum
1082 426 1150 506 pari
1162 426 1271 486 verbo-

227 545 298 586 rum
312 518 494 590 structione,
508 535 568 594 qua
582 533 653 574 usus
672 525 715 572 est
726 509 862 571 Tullius:
879 511 1013 574 demum
1025 527 1072 574 est
1086 535 1199 591 nemo,
1219 518 1272 597 qui
1348 561 1349 592 3

228 613 316 673 aliter
327 607 446 667 sentiat.
459 599 609 682 Objicics:
620 618 708 682 pares
721 611 792 664 sunt
801 619 858 658 suo
870 602 999 682 quisque
1012 619 1137 682 genere,
1149 603 1202 662 sed
1218 623 1272 684 pa-

228 723 275 762 res
289 718 352 758 esse
366 692 587 774 ineloquentia
602 687 746 748 nondum
761 703 927 749 ostensum.
944 693 1077 750 Reservo
1094 689 1156 751 hoc
1173 691 1215 750 ad
1230 713 1274 750 se-.

229 799 374 870 quentenr
388 801 467 840 rern:
480 778 586 838 namsi
599 773 698 856 major
706 775 810 852 Tullio
824 778 856 835 in
869 795 901 836 re
914 777 1099 858 eloquentiae
1107 777 1272 860 Virgilius,

228 873 304 957 quid
317 871 425 932 auxius
437 868 497 927 sim
512 867 545 925 iu
559 861 723 947 probanda
736 862 891 944 paritate?
902 865 986 946 Ergo
1001 865 1062 924 fuit
1073 865 1226 947 Virgilius
1241 867 1274 924 iu

229 959 422 1043 eloquentia,
439 1035 440 1038 Ἴ

609 1091 726 1132 naxon
746 1091 902 1148 sucuro.¹

264 1233 321 1292 Est
332 1227 392 1288 boc
401 1224 599 1286 temerarium
609 1221 705 1298 dictu,
715 1236 745 1281 et
755 1219 901 1299 insolens3
914 1223 964 1284 sed
976 1226 1103 1306 parcite,
1117 1227 1276 1304 Lectores,

229 1344 303 1384 nam
315 1318 392 1379 ruihi
403 1313 607 1396 conjungenti
618 1313 773 1392 praeconia
785 1310 924 1394 Virgilii,
934 1336 988 1374 cur
997 1337 1063 1376 non
1075 1316 1121 1376 fas
1131 1318 1172 1376 sit
1181 1338 1217 1376 ca
1228 1315 1275 1374 di·

229 1431 314 1483 cere,
333 1427 402 1488 quae
416 1418 488 1464 ante
504 1421 553 1460 me
570 1399 641 1460 alit?
656 1395 756 1480 Ergo,
770 1417 950 1483 superatum
966 1407 998 1462 in
1014 1403 1193 1485 eloquentia
1203 1405 1276 1466 'l'ul-

229 1499 309 1561 lium
324 1493 482 1576 bVirgilio
499 1509 635 1572 expresse
649 1484 756 1548 scribit
768 1489 944 1550 Macrobius
955 1489 1037 1552 libro
1046 1495 1072 1551 V
1082 1494 1183 1576 Satur.
1194 1513 1278 1575 mag·

230 1609 289 1650 nus
299 1587 441 1668 alioquin
449 1581 544 1642 Tullii
554 1577 739 1656 admirator,
751 1577 909 1657 laudator,
921 1603 1032 1663 praeco.
1043 1581 1204 1644 Adducam
1216 1605 1278 1643 ver·

230 1679 271 1738 ba
290 1671 423 1756 integra,
441 1671 560 1730 etiamsi
581 1669 731 1755 plurima,
751 1671 899 1749 quoniam
922 1670 960 1730 ad
982 1670 1069 1730 litem
1090 1673 1181 1731 istam
1200 1672 1277 1754 (qua
1350 1729 1351 1734 ,

230 1763 319 1824 nulla
332 1762 460 1821 fortasse
479 1755 579 1837 major
593 1759 625 1815 in
647 1750 887 1816 humanioribus
901 1755 1017 1838 literis)
1031 1761 1213 1820 necessaria.
1229 1761 1278 1819 dit

232 1857 351 1934 itaque:
368 1875 382 1906 u
393 1852 468 1910 Post
480 1847 564 1936 lraec,
576 1865 674 1926 quum
686 1847 846 1928 paulisper
856 1847 1005 1919 Eusebius
1018 1851 1200 1929 quievisset,
1211 1871 1277 1910 om·
1350 1883 1351 1918 ς

231 1963 286 2002 nes
307 1943 387 2000 inter
407 1959 440 1998 se
458 1957 598 1998 consono
618 1931 779 1996 murmure
791 1936 958 2018 Virgilium
973 1959 1038 1998 non
1054 1941 1160 2000 minus
1175 1954 1278 2000 orato·
1350 1935 1351 1960 ³

232 2051 315 2105 rem,
327 2047 422 2109 quam
436 2039 561 2108 poetam
574 2022 754 2084 babendum
769 2027 1033 2106 pronuntiabant;
1046 2029 1078 2087 in
1093 2047 1158 2109 quo
1170 2041 1201 2090 et
1211 2043 1278 2088 tan-

173 2111 193 2121 *
233 2135 265 2181 ta
278 2117 412 2180 ornandi
424 2115 606 2198 disciplina,
619 2128 649 2174 et
658 2127 722 2173 tam
733 2115 866 2196 diligens
877 2117 1052 2184 observatio
1063 2115 1226 2178 rhetoricae
1238 2139 1281 2177 ar-

232 2212 272 2271 tis
282 2207 504 2270 ostenderetur.
518 2206 556 2264 Et
570 2205 719 2265 Avienus:
733 2197 820 2266 dicas
832 2201 910 2265 mihi
919 2252 928 2282 ,
938 2207 1059 2288 inquit,
1070 2207 1160 2285 volo,
1170 2207 1280 2268 docto-

233 2322 305 2366 rum
317 2300 448 2382 optime,
461 2299 485 2356 si
500 2297 568 2378 quis
581 2313 666 2355 nunc
677 2296 751 2358 velit
761 2295 872 2356 orandi
888 2308 984 2356 artem
998 2300 1163 2379 consequi,
1175 2311 1280 2358 utrum
1351 2294 1352 2302 ’

233 2389 332 2470 magis
344 2409 380 2447 ex
389 2385 539 2466 Virgilio,
557 2404 596 2444 an
610 2405 646 2443 ert
658 2385 805 2446 Cicerone
817 2383 979 2467 proficiat?
990 2385 1089 2446 Video
1103 2375 1179 2468 quid
1194 2409 1280 2468 agas,

233 2470 338 2558 iuquit
349 2475 512 2550 Eusebius,
532 2473 609 2556 quid
627 2474 787 2550 intendas,
803 2495 867 2556 quo
881 2493 931 2534 me
948 2473 1070 2534 trahere
1090 2477 1231 2536 coneris:
1246 2495 1281 2534 eo

234 2559 362 2640 scilicet,
374 2585 437 2645 quo
448 2565 577 2624 minime
587 2563 677 2639 volo,
688 2564 727 2623 ad
740 2565 1009 2646 comparationem
1020 2565 1160 2644 Maronis
1173 2565 1282 2625 et‘l'ul-

235 2656 291 2716 lii:
311 2654 484 2714 verecunde
505 2655 588 2714 enim
610 2654 826 2734 interrogasti,
850 2667 919 2713 uter
939 2673 1048 2713 eorum
1069 2657 1283 2734 praestantior,

235 2741 493 2826 quandoquidem
508 2743 684 2802 necessario
697 2742 722 2800 is
735 2740 909 2821 plurimum
923 2740 1091 2800 collaturus
1104 2743 1160 2817 sit,
1175 2744 1230 2823 qui
1242 2744 1284 2824 ip

235 2853 268 2894 se
287 2832 458 2914 plurimum
476 2843 616 2911 praestat:
633 2829 685 2892 scd
706 2832 797 2889 istam
811 2827 891 2888 mihi
909 2830 1121 2890 necessitatem
1140 2830 1237 2891 altam
1257 2843 1285 2890 et

237 2920 425 3005 profundam
444 2921 582 2979 remittas
599 2920 691 2994 volo;
708 2921 780 2999 quia
797 2939 862 2980 non
878 2932 1020 2979 nostrum
1036 2919 1203 2980 interillos
1217 2935 1284 2980 tan·

238 3025 284 3071 tas
296 3029 486 3092 componere
498 3009 586 3082 lites3
597 3029 654 3068 nec
669 3010 769 3068 ausim
781 3009 815 3068 in
826 3011 976 3069 utramvis
992 3023 1113 3090 partem
1129 3010 1202 3070 talis
1219 3031 1284 3070 scn-

237 3105 342 3163 tentiar
360 3114 468 3162 auctor
481 3100 591 3160 videri.
605 3101 673 3160 Hoc
685 3098 787 3158 solum
802 3096 926 3160 audebo
942 3099 1071 3175 dixisse,
1087 3100 1161 3180 quia
1175 3101 1285 3160 iacun-

233 3189 290 3270 ¹dia
302 3191 469 3250 Mantuani
488 3187 650 3269 multiplex
665 3200 696 3247 et
709 3187 912 3248 multiformis
931 3201 992 3264 est,
1009 3201 1039 3246 et
1050 3187 1175 3247 dicendi
1191 3210 1286 3269 genus

237 3299 333 3339 omne
347 3278 582 3360 complectitur:
599 3297 667 3338 ecce
687 3279 771 3337 enim
792 3281 826 3338 in
843 3269 992 3338 Cicerone
1005 3291 1107 3336 vestro
1124 3299 1208 3338 unus
1223 3279 1286 3338 elo·

238 3365 373 3448 quentiae
383 3379 474 3424 tenor
483 3381 544 3440 est;
558 3365 611 3426 ille
622 3366 801 3441 abundans,
812 3379 841 3425 et
850 3379 987 3440 torrens,
1000 3380 1031 3425 et
1042 3366 1189 3447 copiosus
1200 3390 1207 3425 ε
1220 3389 1287 3426 ora·

239 3471 345 3517 torum
362 3467 464 3513 autem
485 3473 550 3514 non
569 3456 718 3538 simplex,
732 3475 790 3515 nec
810 3477 873 3515 una
886 3471 998 3515 natura
1013 3469 1072 3530 est;
1087 3455 1208 3516 sedhic
1223 3457 1289 3516 fluit

242 3558 273 3605 et
286 3540 458 3601 redundat:
476 3555 600 3617 contra,
621 3543 674 3603 ille
691 3545 825 3603 breviter
837 3557 867 3603 et
880 3543 1058 3603 circumcise
1073 3541 1177 3604 dicere
1195 3543 1288 3604 affec·

242 3644 304 3704 tat3
312 3629 414 3688 tenuis
424 3630 561 3709 quidam,
572 3645 601 3691 et
611 3635 721 3712 siccus,
731 3647 761 3693 et
771 3632 890 3693 sobrius
901 3630 984 3691 amat
994 3631 1167 3713 quamdam
1180 3633 1287 3694 dicen·

242 3719 276 3780 di
290 3716 519 3795 frugalitatem:
534 3720 613 3779 alius
629 3723 740 3802 pingui
756 3734 786 3780 et
800 3721 958 3781 luculenta
977 3734 1007 3779 et
1020 3717 1130 3780 llorida
1147 3725 1288 3781 oratione

243 3803 372 3865 lasciuit.
387 3805 422 3863 ln
437 3825 499 3884 qua
511 3819 598 3866 tanta
612 3811 755 3869 omnium
773 3807 1045 3882 dissimilitudine,
1060 3827 1141 3868 unus
1156 3812 1287 3870 omnino

245 3891 404 3952 iuvenitur
411 3894 560 3974 Virgilius
567 3942 575 3970 ,
587 3901 641 3978 qui
649 3899 857 3980 eloquentiam
868 3919 903 3956 ex
914 3901 999 3956 omui
1011 3919 1123 3978 genere
1135 3900 1288 3961 conflave-

245 3981 294 4048 rit.
310 3979 444 4040 Avienus
459 3983 640 4061 respondet:
663 3989 798 4066 apertius
816 3986 945 4060 vellem,
960 4005 1010 4046 me
1026 3983 1081 4046 has
1098 3984 1288 4048 diversitates
