2704 4582
265 318 325 384 116
588 308 969 374 contriturum

293 439 363 500 668.
377 433 598 496 Ardentissimn
612 433 732 504 oratio,
747 443 778 492 et
789 429 884 512 plena
896 434 1160 515 conquestionum
1172 459 1180 494 ι
1199 434 1341 517 lugam

257 528 361 599 illam,
380 544 446 584 nou
464 541 519 582 rua
537 519 698 580 voluntate
717 517 849 594 factam,
868 535 962 581 vocat
975 523 1101 596 cumen,
1120 543 1157 582 ac
1172 525 1342 605 proinde

257 629 396 697 sequutae
403 623 475 672 sunt
482 628 591 691 prenae,
599 628 677 689 quas
687 621 761 668 tunc
771 605 900 689 pendit:
913 607 1008 690 idque
1017 611 1172 690 queritur.
1186 613 1341 674 Deinde

256 715 428 785 sequuntur
438 698 558 760 stimuli
570 695 690 758 doloris
706 695 852 777 plurimi,
868 697 982 778 quibos
998 719 1029 758 se
1045 698 1086 759 ad
1101 701 1186 760 iram
1206 705 1339 762 acuit:

255 795 310 856 ubi
319 789 490 852 necessario
499 784 713 848 subaudienda
724 785 831 845 multa.
844 787 1034 868 Qoofaerurin
1044 787 1230 848 incertum?
1244 791 1339 850 wude

163 879 168 896 ⁸
254 881 340 944 obii?
352 877 498 961 quoefirqu
511 875 625 936 redum
636 894 687 936 me
698 876 733 934 in
745 869 867 934 casua?
883 888 915 934 et
925 895 1010 955 quem
1017 920 1027 949 ,
1049 875 1081 934 id
1093 889 1158 951 est,
1180 877 1337 958 qualem

255 969 367 1032 redico
384 964 455 1026 mei
477 962 622 1024 videlicet
641 963 772 1044 plenuru
793 961 967 1042 ignominia
989 975 1019 1022 et
1035 962 1217 1024 dedecore:
1248 981 1337 1028 sunt

253 1077 327 1118 vero
340 1055 391 1114 isti
406 1051 536 1114 affectus
548 1052 646 1112 animi
659 1049 834 1112 dubitantis
844 1047 884 1112 dc
895 1069 1047 1110 successu.

293 1144 475 1228 671.Pergit
484 1141 605 1216 dolens,
617 1141 732 1222 aitque,
741 1160 845 1200 senon
851 1137 917 1220 jam
927 1160 1016 1222 posse
1025 1141 1127 1202 redire
1138 1141 1183 1202 ad
1194 1158 1338 1220 castra,

252 1257 328 1297 nam
340 1234 478 1308 desertor
489 1230 582 1292 fuisse
599 1230 778 1311 putabitur3
797 1249 898 1310 neque
910 1228 975 1290 ulla
987 1231 1044 1290 erit
1055 1250 1120 1304 res,
1140 1251 1220 1311 quar
1244 1237 1337 1296 satis

252 1337 348 1408 queat
363 1322 479 1384 mederi
497 1333 591 1382 tantu
609 1320 809 1399 ignominiae:
837 1322 927 1402 quasi
946 1319 1048 1394 dicat3
1073 1321 1129 1401 qui
1147 1321 1337 1384 rediturus

252 1434 323 1474 rum
335 1413 369 1472 iu
381 1422 498 1482 castra,
509 1406 565 1468 ubi
576 1409 631 1489 qui
642 1408 813 1481 mesecuti,
828 1408 935 1468 dicent
944 1406 982 1468 de
991 1427 1058 1484 me,
1069 1407 1332 1492 jacobumque

252 1498 338 1582 quod
354 1495 479 1558 volent?
497 1515 576 1576 quos
592 1493 707 1575 reliqui
722 1496 754 1552 in
772 1495 893 1556 morte?
911 1515 989 1577 quos
1005 1515 1090 1556 nunc
1106 1494 1206 1554 video
1229 1497 1335 1577 pala-

250 1584 397 1648 bundos?
410 1597 442 1644 et
453 1601 588 1663 quorum
605 1581 724 1663 accipio
742 1583 912 1662 gemitum,
931 1603 1031 1664 quum
1042 1584 1265 1644 moriuntur?
1279 1585 1334 1644 di-

251 1687 365 1736 cuntur
379 1673 436 1732 ista
444 1670 556 1732 'omnia
574 1671 650 1730 satis
661 1670 789 1750 tragice.

289 1763 359 1844 675.
369 1757 530 1820 Deliberat
536 1755 603 1838 jam
613 1755 652 1816 de
661 1759 745 1816 exitu
757 1780 763 1815 :
776 1778 850 1838 ergo
859 1756 931 1839 quid
938 1759 1049 1839 aqum?
1062 1779 1128 1839 quoe
1139 1757 1237 1820 tellus
1248 1768 1332 1824 satis

252 1856 312 1911 ima
321 1853 332 1928 (
341 1848 490 1928 intelligit
498 1850 661 1908 Tartarum
670 1847 683 1925 )
692 1844 924 1908 debisoutmilri?
936 1867 1035 1928 quum
1044 1847 1153 1907 videat
1162 1851 1331 1928 Turnus,

251 1961 283 2001 se
304 1960 370 1999 non
390 1957 452 1998 esse
473 1939 505 1996 in
526 1949 626 2010 terra,
647 1957 717 2017 qua
734 1938 833 2017 possit
850 1935 1026 2013 dehiscere,
1048 1939 1187 2018 corrigit
1206 1961 1268 2017 se,
1295 1958 1331 2004 et

251 2039 361 2087 ventos
380 2023 489 2084 adorat
504 2023 760 2099 venerabundus;
782 2025 926 2106 petitque
942 2023 981 2083 ab
999 2025 1061 2098 eis,
1081 2023 1190 2084 lerant
1208 2041 1330 2089 ratem

253 2117 342 2176 illam
356 2116 390 2174 in
404 2133 514 2195 rupes,
529 2114 563 2172 in
577 2133 665 2186 saxa3
679 2113 913 2194 immittamque
925 2111 1014 2171 illam
1025 2113 1205 2174 sevissimis
1223 2118 1332 2179 vadis

253 2205 384 2286 alicujus
394 2204 505 2285 Syrtis,
518 2213 553 2262 ut
563 2201 607 2261 ibi
621 2202 791 2275 obruatur;
805 2221 908 2282 neque
920 2203 1019 2261 sciant
1029 2201 1157 2278 Rutuli,
1174 2204 1331 2270 ubinam

252 2295 394 2356 locorum
406 2294 550 2374 perierit,
565 2292 692 2351 nemine
704 2291 778 2352 inde
790 2292 904 2350 nuntio
918 2303 1105 2374 apportante
1118 2285 1262 2354 famam.

291 2383 360 2442 680.
375 2379 497 2462 Duplex
510 2380 568 2439 viri
583 2377 745 2439 fortissimi
760 2377 963 2453 deliberatio,
977 2391 1007 2438 et
1018 2377 1082 2460 ejus
1095 2379 1151 2460 qui
1167 2385 1331 2462 graviter

251 2469 593 2552 ignominiapungitur.
602 2469 722 2544 Prima,
732 2489 772 2528 an
781 2488 813 2528 se
821 2465 1004 2546 interficiat?
1014 2467 1124 2542 altera,
1137 2489 1180 2528 an
1192 2470 1239 2530 ad
1250 2473 1330 2536 bel-

250 2561 319 2620 lum
331 2557 455 2620 redeat?
468 2561 558 2620 Ratio
572 2559 735 2638 utriusque
747 2557 783 2618 ob
794 2565 907 2620 tuntum
917 2557 1045 2621 dedecus.
1062 2559 1205 2620 Primam
1221 2581 1328 2624 exor-

253 2661 308 2708 nat
326 2649 485 2721 atrociter,
506 2641 635 2708 alteram
653 2645 802 2708 viriliter:
825 2645 903 2728 quid
924 2649 1008 2708 euim
1026 2649 1188 2723 atrocius,
1209 2671 1328 2732 quam

252 2735 332 2795 velle
340 2756 372 2795 se
382 2753 519 2794 mucrone
531 2733 665 2806 induere,
676 2735 905 2796 oudrmemm
914 2739 1217 2818 percostuseriqere?
1232 2743 1326 2823 quid

288 2903 753 2976 669.Expendmpoeuas.liampra·
797 2905 880 2977 Optat
897 2923 967 2971 esso,
984 2903 1031 2958 ubi
1047 2917 1215 2976 agnoscatur
1230 2927 1252 2962 a
1267 2930 1327 2966 ηρ.

254 2987 333 3040 cessit
353 2987 468 3049 crimeu,
488 2997 514 3036 et
534 2984 587 3037 boc
605 2998 753 3056 sequuntur
798 2985 878 3036 mine.
891 2983 956 3036 Tale
968 2982 1036 3034 illud
1043 2983 1253 3052 Tibull.lV‚el.
1264 2991 1322 3044 ult,

253 3085 355 3139 poena:
371 3062 434 3118 inde
446 3066 605 3134 conquestio
619 3063 666 3116 illa
680 3065 754 3136 apud
799 3065 883 3131 «Qua
900 3063 975 3123 nulla
990 3063 1109 3114 humano
1127 3066 1161 3116 sit
1178 3069 1229 3119 via
1248 3073 1326 3124 trita
1350 3105 1351 3110 =

253 3143 754 3214 Ovid.Metem.1X,uputiorsinecri·
797 3143 898 3215 pede.»
921 3143 955 3193 Et
977 3142 1096 3212 Propert.
1119 3141 1194 3216 Eleg.
1220 3147 1253 3214 1,
1282 3167 1320 3202 ις

253 3227 324 3276 mine
346 3241 491 3294 poeuomn,
518 3224 595 3294 quio,
620 3224 752 3276 «uiximus
799 3226 897 3276 «Ferte
918 3241 968 3294 per
990 3235 1120 3275 extremas
1141 3237 1262 3296 gentes,
1290 3243 1323 3282 er

253 3305 404 3354 innocue.»
421 3302 509 3355 Cerdo.
795 3303 863 3357 ierte
886 3320 935 3373 per
958 3301 1057 3366 undar,
1080 3301 1141 3369 Qua
1166 3322 1227 3357 non
1255 3309 1322 3362 ulla

288 3382 350 3451 677.
364 3381 467 3433 Turnus
475 3381 563 3433 odoro.
574 3380 605 3431 ld
615 3393 668 3446 est,
676 3384 752 3451 juxta
795 3401 884 3434 meum
895 3382 996 3434 femina
1007 3383 1150 3433 norititer.
1162 3407 1176 3430 a
1193 3386 1296 3439 cerda,

253 3473 369 3523 veteres,
382 3459 543 3528 moriame
554 3458 666 3530 adloqui
677 3460 750 3512 dice·
830 3462 891 3514 681.
905 3463 1032 3512 Macrone
1042 3461 1145 3513 induat,
1155 3464 1212 3516 Ant
1228 3487 1318 3519 me-

252 3537 330 3600 bant;
343 3554 405 3588 narn
416 3535 477 3588 ideo
487 3551 513 3590 et
522 3537 611 3591 adoria
620 3538 679 3590 laus
690 3537 750 3591 bel-
793 3539 921 3609 χμπιιΰα
937 3539 1002 3592 dixit
1014 3541 1121 3606 uideat,
1136 3561 1190 3612 pro
1205 3545 1318 3600 ierint:
1336 3587 1341 3593 -

250 3618 317 3682 lica,
336 3615 514 3687 quadorum
529 3635 590 3671 cum
604 3633 748 3692 congratu-
793 3633 840 3674 aut
849 3620 995 3694 Hypalluge
1008 3634 1061 3692 est,
1076 3640 1127 3692 pro
1140 3641 1316 3679 mucronem

250 3697 351 3750 latim
371 3694 585 3765 adloquebantur
606 3717 682 3764 enm,
702 3700 749 3770 qui
793 3717 842 3753 sno
852 3701 946 3752 induat
955 3718 1077 3770 corpore.
1088 3699 1115 3752 Si
1125 3703 1199 3754 enim
1209 3704 1314 3758 indue·

249 3778 278 3827 in
293 3775 365 3827 bello
383 3775 490 3826 sortirer
506 3776 578 3828 lecit.
599 3777 653 3828 Alii
668 3779 747 3830 adoro
792 3798 830 3845 re,
843 3793 883 3831 est
893 3780 1003 3840 vestim
1024 3795 1080 3829 non
1093 3798 1231 3834 mucrone
1244 3803 1314 3836 cor·

249 3873 300 3926 pro
314 3871 373 3918 oro,
387 3866 418 3904 ut
430 3851 465 3904 ad
478 3869 567 3921 vaceti
584 3869 611 3908 et
625 3859 659 3908 sit
669 3855 748 3909 metri
790 3873 842 3928 pus
856 3858 988 3923 induitur,
1004 3857 1051 3908 sed
1065 3857 1190 3910 induitur
1203 3880 1314 3916 mucro

250 3951 343 3988 caussa
357 3932 484 3986 additum.
495 3935 564 3987 Sero.
791 3955 918 4008 corpore,
930 3936 959 3989 id
968 3948 1022 3998 est,
1033 3937 1133 4007 tegitur
1140 3951 1168 3989 et
1176 3943 1307 3994 vertitur.

284 4014 343 4082 679.
361 4013 744 4084 Quomqurmliatuli,eto.
790 4014 1307 4088 Serv.-Aliidioerent,aitScal.1V,
1349 4039 1350 4044 ¹
