2742 4596
165 337 566 462 CODICUM
603 333 1064 463 ELENCHUS

446 611 494 659 an
516 605 614 671 Quos
634 612 788 672 Quincti

110 824 146 894 P.
172 818 390 911 VIBGILII
412 817 634 894 MARONIS
659 815 827 881 ADHUG
851 819 1116 887 RECENSUM

380 1039 471 1094 ESSE
489 1039 650 1094 FACTUM
668 1037 854 1092 CONSTAT.

90 1453 247 1544 Contenta
259 1497 423 1538 recensum
434 1473 579 1536 dabimus
591 1475 716 1557 qualem
728 1477 798 1558 ipsa
811 1497 859 1536 res
872 1475 983 1554 offert3
993 1481 1026 1540 in
1037 1479 1144 1562 pleris-

89 1592 151 1653 que
164 1569 291 1644 exilem,
302 1567 398 1628 modo
413 1565 662 1648 locupletiorem.
676 1567 754 1625 Satis
767 1568 851 1626 enim
864 1582 1000 1646 constat,
1011 1591 1077 1648 eos,
1090 1576 1145 1655 qui

89 1661 186 1744 primi
200 1651 318 1718 veteres
332 1659 495 1738 scriptores
509 1657 593 1738 typis
610 1676 767 1737 expressos
780 1655 963 1740 vulgarunt,
976 1681 1032 1720 nee
1046 1665 1145 1745 magis

90 1750 261 1833 superioris
272 1761 301 1808 et
310 1745 406 1827 hujus
417 1746 520 1806 saeculi
532 1745 696 1827 plerosque
706 1745 856 1822 editores,
865 1747 904 1807 de
912 1747 1070 1827 codicum,
1081 1755 1146 1834 qui-

90 1834 150 1899 bus
161 1839 210 1897 usi
220 1850 310 1912 sunt,
322 1846 411 1895 aetate
422 1854 456 1892 ac
466 1831 618 1908 bonitate,
630 1847 683 1892 aut
692 1831 848 1914 judicium
861 1837 993 1895 omnino
1007 1837 1148 1916 nullum,

92 1940 147 1988 aut
165 1946 279 2009 parum
295 1922 424 1996 subtile,
444 1913 498 1986 aul
514 1925 646 1982 omnino
660 1943 775 2005 parum
792 1945 828 1984 ex
845 1929 917 1986 artis
935 1924 1147 2009 diplomaticae

90 2017 277 2079 notionibus
291 2029 322 2074 et
340 2013 502 2096 praeceptis
521 2013 742 2090 constitutum,
758 2013 873 2083 tulisse.
890 2014 1079 2098 Plerumque
1093 2019 1148 2078 ita-

91 2127 152 2188 que
162 2127 228 2166 non
238 2101 345 2181 habes,
356 2104 406 2163 cui
417 2115 496 2163 recte
507 2103 670 2178 innitaris,
686 2105 829 2184 inprimis
841 2107 964 2184 quoties
977 2108 1146 2188 antiquita·

90 2209 155 2257 tem
177 2193 323 2256 codicum
344 2205 480 2276 crepant.
497 2193 678 2274 Expeditius
697 2191 853 2272 judicium
872 2206 916 2254 est
930 2194 968 2254 de
983 2197 1146 2258 bonitate:

91 2307 127 2346 ea
146 2286 231 2344 enim
250 2305 286 2343 ex
302 2284 369 2366 ipsa
388 2281 531 2342 lectionis
546 2281 762 2364 exploratione
782 2296 813 2342 et
827 2289 1061 2364 comparatione
1074 2307 1148 2346 cum

92 2375 162 2434 aliis
176 2374 324 2456 cognosci
337 2383 439 2455 potest
446 2395 455 2448 ς
469 2386 564 2454 atque
577 2369 638 2432 hoc
651 2385 757 2432 tenere
771 2384 909 2454 praestat.
921 2373 1025 2432 Anteit
1038 2395 1148 2436 omnes

92 2462 183 2526 codd.
199 2461 378 2523 veneranda
393 2475 563 2537 vetustate,
955 2462 956 2466 ’

131 2549 156 2611 Ι.
171 2551 277 2612 Conxx
290 2571 478 2626 varicibus,
490 2551 548 2610 Ms.
565 2547 657 2624 3225,
672 2547 705 2606 in
720 2569 784 2628 quo
799 2549 975 2628 fragmenta
992 2551 1149 2612 nonnulla

92 2634 234 2722 Virgilii,
245 2661 263 2698 a
275 2638 390 2720 Georg.
403 2633 462 2714 ΙΙΙ,
477 2659 488 2698 1
504 2636 592 2722 inde,
605 2649 722 2696 servata
735 2649 822 2710 sunt,
836 2658 991 2719 quemque
1003 2660 1073 2698 cum
1086 2642 1149 2721 pic-

92 2731 172 2792 turis
186 2731 240 2790 teri
253 2729 356 2789 incisis
368 2729 555 2809 exscriptum
571 2726 609 2786 ad
623 2727 722 2806 ipsam
734 2725 804 2786 libri
820 2727 1005 2810 scripturam
1017 2731 1148 2812 exprimi

94 2822 215 2881 curavit
227 2819 276 2879 Jo.
293 2815 382 2878 cain.
395 2817 543 2884 Bottart'us
555 2817 586 2876 in
603 2813 767 2874 volumine
781 2817 948 2898 inscripto:

136 2905 383 2988 «Antiquissimi
397 2902 565 2987 Virgiliani
587 2903 704 2965 codicis
722 2901 899 2986 fragmenta
918 2917 947 2964 et
964 2905 1094 2986 picturae
1113 2927 1149 2966 ex

92 2993 287 3059 bibliotheca
303 2993 456 3056 Vaticana
479 2995 519 3055 ad
538 2993 654 3076 priscas
673 2995 849 3076 imaginum
869 2993 988 3053 formas
1014 3014 1031 3052 a
1058 2996 1149 3056 Petro

93 3088 204 3148 Sancte
225 3081 365 3144 Bartholi
386 3081 501 3143 incisae.
525 3084 643 3143 Romae.
667 3086 711 3144 Ex
735 3080 984 3166 Chalcographia
1003 3083 1039 3142 R.
1059 3084 1092 3143 C.
1115 3085 1149 3144 A.

93 3177 255 3258 (nomano
268 3171 396 3233 Comeroe
408 3167 599 3252 Apostolicoe)
612 3170 696 3252 apud
708 3171 822 3232 Pedem
837 3173 1050 3232 Marmoreum
1065 3171 1149 3256 1741.
1225 3213 1228 3218 -
1296 3241 1299 3259 Ι

117 3285 142 3323 r.
157 3261 215 3323 fol.
226 3287 240 3316 n
760 3255 780 3290 ⁴⁸

96 3286 116 3348 g
133 3349 305 3432 Inscriptus
320 3349 402 3409 liber
417 3345 584 3408 Benedicto
599 3349 670 3409 XIV
685 3371 703 3409 a
719 3351 769 3411 Jo.
787 3349 955 3410 Dominico
973 3349 1152 3434 Compiglitt

94 3437 353 3521 Chalcographiae
365 3437 399 3499 C.
410 3439 444 3499 A.
456 3435 616 3500 Praefecto.
626 3438 695 3516 Sed,
706 3462 775 3522 quae
785 3441 945 3521 praemisse
957 3453 1016 3517 est,
1028 3441 1151 3504 erudita

94 3527 240 3616 praefatio
251 3527 390 3587 Bottario
404 3525 544 3588 debetur.
556 3529 697 3588 Primum
707 3527 883 3608 exemplum
893 3530 1083 3610 picturarum
1097 3533 1152 3590 Ca·

97 3617 179 3680 milli
193 3613 367 3677 cardinalis
377 3617 507 3676 Maximi
519 3615 572 3696 (de
582 3616 742 3694 Maximis)
750 3613 838 3697 jussu
850 3617 991 3678 Bartolus
1002 3618 1086 3680 tabb.
1098 3621 1152 3682 LV

96 3727 157 3767 aere
174 3715 372 3787 expresserat.
392 3705 496 3766 Pauca
512 3705 551 3764 ab
573 3702 634 3764 hoc
650 3724 710 3764 aere
728 3719 818 3765 erant
833 3705 971 3786 exempla
992 3705 1099 3781 dueta;
1118 3709 1153 3767 in

97 3794 214 3879 quibus
230 3814 328 3886 quum
343 3795 445 3874 prima
457 3795 574 3876 pagina
588 3791 678 3854 radio
691 3807 814 3854 exarata
828 3815 958 3854 vacuum
973 3793 1068 3855 literis
1083 3799 1153 3856 reci·

96 3881 222 3966 piendis
235 3879 365 3942 baberet
383 3884 537 3963 spatium,
554 3865 664 3942 titulus
678 3902 750 3942 cum
766 3902 852 3942 auno
865 3882 906 3942 ab
919 3881 987 3942 aliis
1002 3883 1093 3942 aliter
1108 3898 1153 3945 est

97 3971 269 4054 suppletus.
281 3969 318 4030 ln
329 3968 523 4030 Bibliotheca
537 3984 643 4031 nostra
655 3969 830 4030 academice
843 3984 888 4030 est
900 3971 1074 4051 exemplum
1087 3993 1110 4031 s.
1124 3993 1151 4032 e.

100 4059 194 4146 Aliud
213 4059 350 4124 vidimus
369 4081 396 4122 s.
419 4059 510 4148 1725,
531 4060 616 4123 aliud
633 4063 709 4124 anni
732 4062 817 4146 1677,
834 4059 855 4137 d
870 4063 904 4124 in
919 4061 1153 4126 Memorabile

1214 2522 1219 2554 l
