2726 4592
227 281 291 350 ndo
550 279 646 342 TIB.
672 281 742 342 ct..
767 279 958 346 DONATI

226 405 390 486 pluribus3
414 401 467 462 sed
493 423 594 482 neque
616 402 807 482 frequenter,
831 417 860 462 et
882 403 979 465 ferme
1002 404 1070 479 illa,
1095 403 1268 484 dequibus

174 499 208 566 49
226 489 418 572 ambigebat,
434 510 496 570 quo
509 489 769 571 magisjudicium
788 490 955 551 hominurn
969 495 1165 574 experiretur.
1188 491 1268 548 Ero-

227 592 304 650 tem,
321 578 482 636 librarium
496 592 526 636 et
544 577 693 638 libertum
707 576 787 658 ejus,
802 593 914 640 exactae
927 579 991 660 jam
1012 582 1193 652 senectutis,
1207 593 1267 641 tra-

225 665 305 724 dunt
317 666 429 724 referre
441 666 584 740 solitum,
600 665 760 746 quondam
775 668 808 726 in
822 668 981 728 recitando
996 689 1066 728 eum
1080 668 1159 728 duos
1172 665 1266 724 dimi·
1359 701 1360 706 κ

225 751 327 812 diatos
335 775 440 813 versus
449 754 619 834 complesse
626 775 662 812 ex
672 767 825 835 tempore:
835 755 1103 816 ethuicMisenimt
1110 752 1270 826 AEolidem,

225 841 387 920 adjecisse,
397 865 454 924 quo
466 865 527 904 non
538 848 719 924 praestantior
728 843 818 918 aster,-
828 847 901 904 item
915 845 1003 920 huic,
1015 850 1083 906 AEre
1095 849 1167 905 ciere
1176 846 1276 915 viros..

224 933 317 992 simili
326 934 427 994 calore
435 947 571 994 actutum
584 932 793 1014 subjunxisse,
804 937 988 1016 Martemque
995 934 1148 996 accendere
1157 944 1247 994 cantu
1259 951 1266 985 ··

224 1023 387 1102 statimque
400 1021 460 1082 sibi
475 1025 656 1104 imperasse,
672 1035 707 1081 ut
721 1035 888 1102 utrumque
902 1022 1059 1082 volumini
1073 1022 1267 1082 adscriberet.

172 1107 206 1160 50
263 1107 344 1168 Xlll.
355 1110 501 1170 Bucolica
509 1109 724 1189 Georgicaque
733 1108 1019 1168 emendavitdnno
1030 1130 1101 1168 vero
1115 1111 1271 1190 quinqua-

172 1195 202 1248 51
224 1198 340 1274 gesimo
351 1199 500 1274 secundo,
515 1212 550 1258 ut
563 1197 707 1258 ultimam
722 1218 852 1256 manum
866 1198 986 1258 AEneidi
1001 1200 1194 1279 imponeret,
1207 1211 1267 1256 sta-

224 1284 285 1342 tuit
306 1286 339 1344 in
364 1286 515 1345 Graeciam
539 1297 568 1344 et
590 1285 692 1344 Asiam
714 1283 870 1360 secedere,
892 1287 1090 1366 triennioque
1114 1287 1268 1344 continuo

224 1394 349 1434 omnem
366 1397 492 1456 operam
505 1374 660 1433 limationi
673 1373 761 1450 dare,
773 1387 808 1432 ut
818 1373 936 1456 reliqua
950 1376 1011 1432 vita
1026 1387 1147 1432 tantum
1162 1373 1268 1454 philo·

222 1461 340 1544 sophiae
354 1478 482 1523 vacaret.
496 1461 568 1536 Sed,
581 1484 678 1544 quum
694 1483 853 1542 aggressus
868 1465 936 1538 iter,
949 1461 1073 1522 Athenis
1088 1464 1270 1526 occurrisset

221 1551 359 1632 Augusto
375 1552 415 1612 ab
430 1555 548 1612 oriente
558 1555 688 1612 Romam
697 1555 878 1628 revertenti,
889 1574 951 1612 una
960 1574 1030 1612 cum
1038 1551 1155 1612 Caesare
1166 1550 1269 1610 redire

223 1643 337 1700 statuit.
347 1643 388 1701 Ac
398 1663 495 1722 quum
506 1641 675 1720 Megaram,
686 1643 824 1700 vicinum
834 1640 960 1700 Athenis
971 1641 1136 1722 oppidum,
1146 1635 1268 1696 visendi

222 1731 320 1807 gratia
339 1743 470 1808 peteret,
489 1729 672 1809 languorem
692 1745 801 1790 nactus
821 1744 885 1790 est:
905 1751 999 1811 quem
1013 1751 1077 1789 non
1093 1727 1268 1786 intermissa

222 1817 381 1894 navigatio
396 1817 497 1889 auxit,
511 1819 553 1875 ita
566 1831 614 1894 ut,
631 1822 754 1898 gravior
772 1820 803 1876 in
822 1817 901 1892 dies,
921 1817 1045 1877 tandem
1066 1814 1267 1875 Brundisium

223 1902 416 1978 adventarit,
438 1905 492 1964 ubi
519 1905 631 1965 diebus
652 1909 759 1988 paucis
783 1908 876 1980 obiit,
903 1905 1027 1966 decimo
1047 1903 1267 1964 Kal.'Octobr.

222 1993 256 2050 C.
268 1993 390 2069 Sentio,
406 1995 443 2070 Q.
457 1997 601 2056 Lucretio
614 1999 699 2056 Coss.
716 2023 719 2029 ¹

171 2079 202 2131 52
261 2081 340 2139 XIV.
349 2083 410 2158 Qui
422 2103 517 2164 quum
532 2087 654 2165 gravari
665 2086 777 2144 morbo
792 2106 856 2144 sese
868 2085 1009 2158 sentiret,
1022 2085 1135 2143 scrinia
1146 2102 1227 2162 saepe
1238 2093 1266 2138 et

221 2183 335 2248 magna
349 2172 498 2255 instantia
511 2176 637 2254 petivit,
653 2181 843 2234 crematurus
855 2174 983 2233 AEneida
999 2197 1005 2232 :
1019 2171 1134 2254 quibus
1148 2172 1267 2252 negatis
1359 2237 1360 2246 ,

221 2268 407 2320 testamento
429 2265 573 2350 conpari
588 2265 697 2350 jussit,
720 2280 756 2326 ut
776 2287 841 2326 rem
857 2265 1087 2324 inemendatam
1107 2260 1267 2342 imperito·
1359 2257 1360 2262 ’

224 2357 368 2426 tamque:
384 2370 489 2408 verum
508 2354 608 2410 Tucca
630 2367 659 2412 et
681 2354 791 2414 Varius
812 2365 1019 2424 monuerunt,
1042 2349 1071 2406 id
1093 2349 1268 2429 Augustum

171 2431 204 2484 ⁵3
223 2455 288 2494 ‘¹⁰¹¹
301 2439 532 2516 permissurum,
545 2443 632 2506 Tunc
639 2443 742 2526 eidem
753 2445 907 2518 Vario,ac
918 2441 1010 2502 simul
1020 2443 1140 2512 Tuccae,
1149 2438 1266 2517 scripta

226 2644 238 2667 a
248 2621 362 2675 donatus
373 2637 426 2688 est,
437 2625 464 2686 id
476 2637 523 2690 est,
534 2629 633 2694 missis,
644 2641 694 2680 etc.
708 2652 721 2675 n
799 2630 977 2680 'Brundisium
994 2629 1138 2678 Tarentum
1154 2623 1200 2674 alii
1215 2641 1267 2672 me·

224 2699 323 2752 Ultima
333 2719 348 2753 e
359 2703 531 2757 Gram'matici
542 2707 723 2776 penuaddita
766 2722 880 2760 morant.
898 2707 1025 2758 «Tarenti
1037 2704 1138 2774 Apuliae
1150 2705 1267 2766 civitate,

223 2793 292 2830 sunf-
767 2787 831 2838 durn
853 2788 1037 2856 Metapontum
1063 2782 1155 2833 videre
1178 2782 1266 2852 cupit,

258 2859 280 2931 §·
303 2867 345 2932 Ag·
369 2864 618 2937 Versusesmptesse.
635 2867 722 2918 Etiam
767 2885 814 2918 sen
831 2865 977 2930 Brundisii,
994 2864 1057 2914 dum
1074 2861 1210 2932 Megaram
1226 2861 1266 2910 vi·
1357 2893 1358 2900 .

134 2953 138 2968 ‘
221 2939 273 2992 hoc
292 2941 463 2996 Grammatici
482 2940 593 2996 acumen
612 2945 720 3016 prodit:
768 2946 990 2998 derevoluissetn
1005 2941 1269 3012 (vidasGrammati-

222 3021 269 3090 qui
288 3021 357 3073 forte
378 3024 499 3076 versibus
524 3043 539 3074 a
563 3042 591 3075 se
610 3025 721 3094 expletis
768 3045 858 3077 corum
879 3045 925 3078 seu
947 3022 1140 3075 Monachonnn
1160 3021 1269 3090 imperi-

221 3097 301 3151 fidem
319 3114 345 3153 et
364 3105 548 3154 auctoritatam
563 3121 660 3174 parere
672 3123 721 3155 vo·
766 3109 844 3172 tiam,
860 3107 922 3158 dum
942 3107 1075 3158 Donatum
1093 3114 1155 3154 ante
1173 3100 1267 3151 oculos

221 3179 278 3230 luit.
303 3181 402 3234 Versus
424 3195 485 3235 sunt
503 3183 560 3234 AEn.
584 3183 632 3248 Vl,
658 3185 720 3250 164,
766 3184 866 3238 liabent
881 3188 904 3253 5
919 3184 968 3248 51)
985 3179 1184 3254 «quorumdam
1194 3179 1268 3248 judi·
1356 3207 1357 3216 .

221 3259 287 3330 1165,
300 3261 347 3311 ubi
360 3263 430 3313 conf.
445 3265 516 3316 Serv.
767 3269 808 3317 oio
830 3265 1005 3317 invalitudine
1027 3282 1058 3314 ex
1082 3261 1145 3312 solis
1168 3259 1266 3311 ardffl'e

256 3341 279 3406 §.
292 3339 334 3392 51.
348 3343 461 3394 Tanmm
468 3343 639 3416 philosophice
647 3363 722 3395 uaca-
766 3359 903 3398 contracta
913 3371 922 3392 ιι
933 3367 938 3397 :
950 3346 1010 3394 Vita
1020 3341 1121 3414 Virgilii
1130 3341 1268 3409 promissa

221 3427 266 3468 ret.
285 3419 415 3474 Convenit
434 3441 493 3473 cum
512 3425 643 3476 sententia
661 3443 721 3476 ver·
764 3425 835 3476 Edit.
850 3428 915 3476 Ven.
933 3423 1013 3492 1472,
1027 3437 1084 3492 quaa
1097 3419 1225 3489 deinceps
1238 3420 1266 3468 in

223 3517 298 3551 suum
309 3501 551 3570 pulcherrimorum
562 3503 608 3555 Ge.
620 3507 657 3569 ll,
668 3504 719 3572 475
763 3499 1268 3569 Ed.D'anielisSarviotribuitur.lnepti

222 3597 279 3649 sqq.
292 3603 303 3625 u
313 3581 356 3630 Me
364 3599 427 3631 vero
436 3583 549 3650 primum
559 3583 650 3636 dulces
659 3597 719 3636 ante
764 3582 936 3635 Grammatici
948 3581 1047 3633 lacinia
1058 3591 1098 3632 est
1109 3581 1136 3629 in
1146 3577 1219 3630 Serv.
1231 3577 1266 3628 ad

221 3661 311 3709 omnia
323 3663 405 3711 Musae
418 3664 550 3734 accipiant
561 3689 589 3728 n,
605 3678 655 3716 etc.
764 3662 867 3716 AEneid.
888 3663 926 3724 ll,
952 3677 1014 3730 Ι97)
1032 3677 1085 3730 ‘1⁹³
1099 3656 1266 3708 Th⁰⁵⁵³li³m

255 3738 371 3808 Augusto
388 3741 419 3789 ab
431 3741 528 3793 oriente
540 3745 571 3794 A.
587 3745 721 3794 reuertenti
766 3739 863 3792 adiisse
874 3739 951 3792 Maro
962 3751 1093 3791 narfflfflf·

221 3816 362 3881 exitinere,
374 3818 446 3888 quod
455 3839 469 3870 e
477 3819 566 3872 Sicilia
574 3823 719 3892 perAsiam
800 3819 870 3890 §.Sm
882 3821 932 3889 Qui
939 3817 1098 3893 quumVide
1107 3819 1154 3868 inf.
1162 3816 1264 3886 ad735.

221 3903 247 3943 et
260 3893 389 3946 Graeciam
404 3897 513 3950 fecerat.
530 3901 590 3951 Vid.
608 3902 656 3953 inf.
672 3901 721 3954 vi·
799 3899 822 3970 5.
837 3899 878 3951 53.
896 3901 925 3951 L.
938 3902 1030 3954 Varius
1042 3897 1269 3969 auctorThyestae

220 3982 274 4022 mm
287 3972 321 4024 ad
334 3975 412 4044 732...
425 3977 483 4044 734.
764 3983 788 4030 i.
799 3998 858 4050 sup.
870 3977 904 4030 ad
914 3978 936 4050 5
946 3979 988 4032 30.
999 3978 1138 4030 Maecenati
1148 3978 1268 4047 imputa-
