2674 4586
249 276 290 348 30
576 273 964 344 COMMENTARIA'
1013 289 1018 308 ²

247 407 376 478 inertia,
386 411 420 462 ut
427 399 551 465 domini
561 423 568 458 ι
580 399 693 468 deinde
703 399 814 465 Rhemi
826 404 973 484 armiger,
986 414 1050 466 tum
1062 409 1154 468 etiam
1167 413 1327 492 auriga:

246 495 397 582 postremi
414 506 507 573 caput
520 491 558 550 ab
574 493 661 572 equis
679 491 848 573 pendebat,
868 507 914 554 est
930 493 981 556 hie
996 494 1119 559 habitus
1135 500 1327 560 dormiem-

248 593 328 650 tium
337 628 346 660 ,
356 597 448 664 atque
459 582 502 643 ita
512 591 628 640 sectum
637 593 691 644 est,
702 581 774 642 Post
784 595 844 644 tres
851 581 1001 659 famulos,
1009 591 1309 668 postarmigerum
1321 636 1327 664 ,

248 691 321 760 post
332 674 487 751 aurigam,
506 664 634 730 demum
647 666 783 732 Rhemus
799 670 864 748 ipse
876 691 983 751 passus
996 673 1078 734 idem
1090 677 1238 754 malum,
1259 680 1327 736 cui

247 782 345 850 quum
359 772 451 842 caput
469 755 655 831 auferretur,
682 759 821 818 animam
839 781 910 820 eum
929 763 1072 843 singultu
1092 765 1234 840 efflavit3
1268 781 1326 827 at-

247 877 307 939 que
321 853 360 914 ab
375 865 423 912 tot
434 844 571 908 caedihus
585 860 666 908 terra
677 849 801 929 torique
812 850 938 910 madent
946 856 1064 913 cruoris
1075 854 1180 936 plena.
1196 857 1324 932 Nota,

246 958 281 1004 ut
293 937 511 1022 explicuerim
531 937 728 1016 nequeenim
745 950 806 996 tres
822 938 869 998 illi
882 938 993 1000 famuli
1005 939 1189 1002 Rhamnetis
1204 958 1326 1020 sunt,

247 1033 301 1096 sed
318 1029 445 1098 Rhemi3
467 1040 559 1105 atque
581 1024 659 1086 adeo
671 1023 776 1107 juxta,
799 1049 863 1112 non
883 1044 943 1105 est,
962 1027 1051 1110 juxta
1068 1031 1322 1094 Rhamnetem:

248 1136 370 1184 tantum
382 1114 548 1198 significat,
563 1113 633 1175 illos
643 1111 776 1194 junctim
788 1116 893 1177 fuisse.
913 1187 915 1191 ¹

206 1279 213 1296 ⁶
287 1206 355 1283 334.
368 1205 414 1262 En
425 1202 520 1263 caedes
531 1198 600 1260 aliae
610 1202 733 1281 Lamyri
746 1247 754 1276 ,
767 1216 797 1261 et
809 1207 896 1264 Lami
909 1228 915 1263 :
931 1207 982 1266 sed
994 1209 1148 1290 praecipua
1159 1213 1321 1288 mentio,

249 1311 279 1360 et
297 1297 389 1378 plena
403 1297 490 1352 παθῶν
506 1291 642 1362 Serrani3
661 1305 739 1350 nam
754 1289 952 1372 hicjuverris3
973 1317 1046 1354 nam
1057 1298 1188 1380 insignis
1202 1299 1321 1376 facie,

247 1409 320 1448 narn
335 1383 509 1466 plurimum
527 1380 644 1440 luserat
660 1399 696 1440 ea
708 1395 810 1442 nocte.
824 1383 898 1442 Haec
913 1385 996 1447 enim
1012 1389 1119 1446 omnia
1132 1401 1208 1446 nata
1226 1405 1320 1449 sunt

248 1477 287 1540 ad
299 1473 574 1554 conquestionem,
588 1470 829 1552 excitandosque
839 1470 967 1532 affectus
978 1497 985 1533 ε
997 1474 1119 1555 jacebat
1131 1477 1183 1535 ille
1195 1481 1317 1539 victus

247 1562 383 1634 Baccho,
398 1559 570 1637 fuissetque
582 1555 671 1630 felix,
687 1557 712 1614 si
729 1555 837 1616 ludum
854 1562 1062 1622 continuasset
1074 1583 1172 1645 usque
1189 1565 1231 1624 ad
1255 1565 1315 1625 di-

248 1650 405 1715 luculum!

288 1743 355 1820 339.
376 1735 577 1816 Comparatio
598 1733 777 1814 aptissima:
800 1736 868 1808 leo,
890 1749 935 1797 est
949 1739 1056 1815 Nisus,
1076 1740 1164 1822 cujus
1182 1745 1313 1806 eximia

250 1832 416 1892 estvirtus:
430 1844 538 1905 pecus,
549 1824 671 1896 Latini,
687 1825 870 1906 quiegregie
878 1828 1037 1907 ignavi3et
1045 1832 1117 1910 quia
1127 1832 1172 1890 illi
1181 1853 1311 1893 somno

250 1916 403 2000 oppressi,
424 1910 495 1972 ideo
506 1930 593 1991 pecus
605 1924 682 1972 metu
694 1926 818 1972 mutum.
842 1915 921 1974 Vide
937 1935 1009 1975 vero
1022 1914 1216 1978 ferocitatem
1235 1921 1309 1980 leo·

248 2009 313 2080 nis,
332 2004 386 2086 qui
401 1998 521 2073 turbat,
537 1998 675 2074 mandit,
689 1999 800 2076 trehit,
817 2001 938 2076 fremit3
958 2005 1031 2086 quia
1049 2007 1204 2086 impastum
1221 2012 1308 2088 quia

249 2113 369 2155 summe
383 2087 563 2160 famelicum
578 2107 714 2164 summe,
729 2090 875 2171 inquam,
891 2094 963 2172 quia
978 2111 1067 2173 pene
1081 2094 1119 2152 ad
1135 2099 1308 2157 vesaniam

249 2205 312 2268 prae
322 2183 416 2242 fame.

290 2271 357 2346 342.
377 2265 527 2347 Exemplo
539 2265 606 2323 Nisi
622 2263 699 2324 furit
716 2267 810 2325 etiam
822 2265 994 2350 Euryalus,
1016 2268 1065 2328 sed
1086 2267 1218 2351 longum
1234 2273 1307 2333 dis-

248 2363 382 2422 crimen:
405 2375 479 2416 nam
496 2354 586 2413 Nisus
598 2352 823 2432 Rhamnetem,
837 2355 1009 2433 Rhemum,
1023 2360 1178 2440 principes
1196 2361 1302 2422 alios:

170 2463 173 2472 '
247 2447 401 2531 Euryalus
422 2443 550 2525 vulgus,
577 2456 606 2502 et
625 2444 747 2524 plebem
768 2447 937 2506 interimit:
967 2448 1072 2528 itaque
1091 2447 1143 2508 ille
1161 2449 1304 2512 bellator

248 2542 382 2621 peritus3
396 2535 448 2594 hic
464 2547 533 2616 tyro
549 2534 816 2616 inconsideratus,
836 2555 872 2596 ac
888 2548 1010 2596 tantum
1025 2536 1157 2598 caedium
1173 2540 1302 2602 avidus

248 2627 396 2688 Nominat
410 2635 501 2703 poeta
516 2619 653 2700 aliquos,
668 2623 789 2681 etiamsi
800 2643 835 2682 ex
844 2623 957 2704 vulgo,
972 2637 1002 2684 et
1012 2625 1164 2706 quiaillos
1174 2625 1301 2708 Eurya-

249 2716 297 2774 lus
312 2721 441 2791 occupat
455 2727 566 2768 somno
582 2728 763 2788 oppressos,
778 2710 848 2770 ideo
863 2714 995 2792 iqnurus,
1011 2715 1097 2794 quasi
1112 2714 1234 2774 nescios
1245 2719 1298 2776 sui

249 2803 305 2864 fati
317 2824 324 2860 :
339 2819 440 2860 unum
452 2798 565 2878 excipit
577 2796 728 2874 Rhetum,
742 2801 796 2881 qui
810 2801 976 2881 vigilabat,
991 2799 1157 2862 stridebat
1168 2819 1300 2866 cuncta:

250 2907 355 2952 tamen
367 2891 499 2969 ignarus
513 2886 605 2966 vigil,
623 2900 653 2948 et
671 2909 743 2947 cum
758 2889 874 2970 majore
886 2890 1051 2968 dedecore,
1070 2913 1164 2974 quam
1176 2895 1300 2973 ignari3

251 3001 324 3039 nam
343 2995 406 3060 prae
420 2987 505 3034 metu
520 2994 551 3033 se
565 2989 637 3056 post
655 2989 803 3036 craterem
823 2977 1015 3055 occultabat3
1034 2981 1151 3062 aptius,
1170 2980 1299 3061 tepebat;

250 3069 338 3150 quasi
351 3068 464 3146 ignavo
477 3061 601 3121 homini
614 3077 712 3122 crater
723 3079 798 3125 esset
809 3087 866 3147 pro
879 3067 999 3150 clypeo.

291 3155 357 3237 347.
368 3154 567 3236 Persequitur
574 3152 692 3212 caedem
702 3153 809 3232 Rheti,
820 3153 877 3216 hac
887 3158 1035 3216 varietate
1045 3157 1155 3239 poesin
1163 3177 1296 3218 ornans:

286 3277 346 3346 337.
360 3277 424 3327 Deo.
437 3276 485 3328 Vel
497 3278 574 3342 vino,
590 3276 633 3328 vel
646 3293 749 3330 somno.
795 3281 927 3346 imitatus,
943 3297 1063 3335 somnum
1079 3278 1197 3330 similiter
1208 3282 1294 3332 Deum

250 3359 380 3428 Ambigua
390 3356 510 3420 Servium
523 3356 556 3410 de
566 3359 628 3410 rino
637 3358 752 3428 explicat
795 3372 888 3421 vocat,
903 3360 1005 3411 «effusi
1013 3377 1062 3429 per
1070 3375 1161 3430 agros,
1169 3359 1293 3412 anhelum

250 3441 385 3504 Donatus,
403 3436 520 3507 Scaliger
531 3439 575 3504 lv,
594 3439 638 3504 16,
654 3451 680 3490 et
692 3437 750 3500 alii;
794 3438 947 3511 proflabant
958 3438 1008 3490 suh
1017 3439 1078 3492 luce
1088 3442 1179 3490 Deum.
1191 3463 1201 3486 ι

251 3519 297 3580 sed
308 3517 413 3570 ridetur
423 3517 512 3585 potius
522 3518 707 3588 accipiendum
717 3518 751 3570 da
831 3519 890 3588 3392
903 3511 1030 3590 Inphstus.
1044 3520 1290 3591 luhaccomparat.

252 3616 355 3663 somno,
366 3609 392 3650 et
400 3597 660 3666 precipuequidem,
669 3617 751 3668 quum
796 3597 895 3652 multus
904 3599 987 3652 decor
996 3613 1049 3667 est,
1059 3600 1157 3652 multus
1167 3601 1290 3669 effectus,

251 3680 356 3734 felicem
378 3676 451 3728 dicat
472 3677 545 3740 fore,
568 3679 589 3728 si
609 3677 751 3749 vigilasset.
798 3670 897 3732 multus
909 3680 1033 3750 impetus.
1043 3681 1097 3732 laec
1108 3683 1178 3732 enirn
1186 3695 1293 3752 praeter-

253 3759 331 3812 Certe
344 3757 378 3808 de
395 3773 489 3808 somno
505 3757 558 3824 jam
573 3755 636 3808 clim
649 3758 753 3828 accepit
798 3777 878 3828 quarn
897 3758 971 3829 quod
989 3770 1074 3824 norat,
1095 3762 1175 3812 etiam
1197 3760 1289 3812 trahit:

251 3838 485 3897 LactantiusStatii
491 3837 621 3907 interpres
628 3836 751 3891 ad'lheh.
797 3853 861 3888 sane
871 3855 952 3907 quum
960 3839 1044 3890 iratus
1052 3849 1105 3904 est,
1116 3837 1187 3909 qnod
1195 3856 1239 3890 cre
1247 3859 1290 3910 ap.

253 3917 289 3970 lib
314 3916 415 3980 ll,·ubi
433 3915 531 3968 Statius
550 3917 630 3988 plene
648 3917 752 3988 Virgilii
796 3917 953 3988 prehendit,
979 3921 1107 3985 succutit,
1126 3931 1204 3989 atque
1222 3921 1289 3971 inter

252 3997 342 4050 locum
354 3996 518 4068 superiorem
530 4014 578 4052 rs..
587 3996 636 4050 166
648 4008 674 4048 et
686 3996 751 4062 316,
797 3997 976 4050 mandendum
984 4000 1088 4064 fremit,
1096 3999 1286 4068 etc.Scal.V,3.
