2726 4592
223 289 285 378 298
396 291 431 357 a.
454 291 683 357 vinorum
706 294 936 361 ursolus
959 299 1076 362 vrrs

221 408 281 470 lum
291 423 401 492 patrem
413 433 474 473 esse
492 427 635 489 narrant,
655 413 688 473 id
707 435 814 476 vereor
825 437 865 476 ne
884 417 980 499 inepti
994 415 1138 480 monachi
1157 415 1250 500 afilia
1344 466 1345 488 2

220 502 352 560 carmina
359 502 489 583 fingente
503 501 659 577 duxerint3
679 505 723 562 uti
739 504 833 564 altera
851 508 987 567 narratio
1002 507 1036 566 de
1051 521 1131 589 patre
1149 527 1252 566 merce-

220 590 304 648 nario
316 611 381 650 non
395 592 520 652 aliunde
532 607 618 666 nata,
632 613 725 674 quam
736 593 819 674 quod
830 595 971 677 Tityrum
983 598 1016 656 in
1028 599 1129 680 prima
1138 595 1253 675 Ecloga

221 676 344 759 Virgilii
358 693 477 762 patrem
491 681 639 741 nonnulli
653 681 852 744 tradiderant.
936 701 938 708 ·

592 836 634 899 U.
651 835 686 898 G.
701 836 794 898 Varr.
810 835 885 925 689.

381 979 418 1044 L.
431 981 579 1048 Aurelius
592 983 698 1048 Cotta:
712 984 748 1047 L.
762 983 899 1048 Manlius
916 984 1100 1075 Torquatus.

534 1091 577 1152 A.
593 1088 627 1154 C.
642 1089 694 1156 65.
713 1089 841 1177 Virgilii
852 1087 946 1155 5-6.

245 1225 476 1386 'Qv'lloratius
496 1245 621 1306 Flaccus
638 1247 775 1306 nascitur
792 1247 835 1306 VI
855 1245 900 1306 ld.
919 1246 1064 1306 Decemb.
1082 1211 1211 1306 Sneton.
1226 1243 1259 1302 in

225 1342 289 1402 eJus
329 1342 382 1390 rta.

648 1422 833 1510 uuus.

453 1570 491 1633 L.
507 1567 693 1663 Calpurnius
706 1571 779 1636 Piso
789 1597 798 1635 .·
810 1571 851 1635 A.
866 1571 1024 1636 Gabinius.
1076 1553 1081 1568 ¹

516 1679 557 1738 A.
573 1677 606 1740 C.
623 1677 674 1740 58.
692 1677 821 1764 Virgilii
836 1678 971 1740 12—13.

265 1827 473 1910 Hieronymus
489 1836 522 1893 in
536 1833 654 1894 Chron.
669 1834 782 1893 Euseb.
797 1855 827 1914 p.
852 1835 918 1907 151,
933 1833 972 1892 ad
994 1833 1124 1914 Olymp.
1139 1835 1210 1909 180,
1229 1834 1261 1908 3,

227 1912 366 1995 adeoque
376 1917 406 1976 h.
419 1941 446 1980 a.
461 1922 600 2003 Virgilius
612 1925 759 1984 Cremonae
768 1922 1011 1983 studiiseruditur.
1021 1923 1262 1982 AliterDonatus

227 2001 252 2078 §.
271 2003 299 2061 6.
319 2005 491 2068 Profectum
513 2024 617 2070 tamen
638 2009 710 2069 hinc
730 2031 792 2070 esse
815 2010 949 2084 videtur3
971 2009 1057 2093 quod
1083 2013 1263 2071 recentiores

227 2093 375 2152 nonnulli
393 2099 553 2180 scriptores
568 2099 606 2158 de
621 2099 695 2158 ludo
714 2097 849 2160 literario
872 2101 1015 2182 publico,
1036 2102 1090 2182 qui
1108 2101 1263 2160 Romano·

227 2198 298 2238 rum
318 2195 455 2267 ternpore
476 2190 635 2250 Cremonae
654 2189 807 2266 floruerit,
828 2203 1018 2265 memorant,
1040 2211 1069 2250 v.
1091 2209 1117 2249 c.
1145 2190 1263 2248 Ludov.

230 2265 406 2333 Cavitellius
415 2278 613 2338 Cremonens.
625 2276 735 2337 Annal.
748 2299 818 2359 pag.
835 2279 907 2339 1262
916 2323 924 2353 ,
934 2280 968 2338 Α.
980 2279 1014 2337 Τ.
1029 2279 1085 2352 ΙΙΙ,
1095 2274 1183 2336 Thes.
1196 2279 1264 2336 Ant.

230 2356 297 2416 Ital.
307 2361 467 2442 Superiora
477 2389 559 2427 anno
571 2365 699 2427 Messala
707 2381 797 2427 natus
812 2383 891 2444 erat;
902 2368 972 2427 vide
981 2368 1020 2427 ad
1027 2366 1143 2426 Tibulli
1151 2368 1264 2436 Vitam.

1337 625 1345 790 t

1337 804 1345 848 l

271 2445 317 2506 De
329 2456 481 2533 magistris
493 2456 616 2537 Virgilii
628 2459 679 2514 vix
694 2457 861 2536 quicquam
879 2457 952 2514 certi
970 2453 1049 2513 tradi
1064 2465 1174 2534 potest.
1190 2452 1264 2528 Quae
1346 2517 1347 2542 p

231 2533 295 2592 sive
309 2537 591 2604 Grammaticorum
608 2543 688 2619 fidei,
702 2547 767 2604 sive
779 2545 941 2603 doctorum
955 2545 1094 2602 ‘virorum
1107 2539 1265 2618 conjectu·
1346 2551 1347 2584 l

231 2619 273 2678 ris
287 2619 453 2704 debentur,
468 2631 505 2689 ad
521 2633 679 2690 Donatum
694 2631 803 2710 rejecta
817 2643 888 2689 sunt
902 2630 940 2690 ad
954 2630 977 2707 §.
991 2651 1024 2709 7,
1039 2641 1069 2687 et
1082 2648 1129 2709 79.

271 2709 411 2772 Ceterum
434 2719 489 2776 etsi
505 2717 543 2778 de
565 2721 716 2800 magistris
734 2717 857 2799 Virgilii
880 2731 910 2777 et
927 2716 1093 2797 disciplina
1112 2735 1177 2774 nou
1197 2716 1267 2774 satis

233 2809 368 2874 constet,
382 2815 494 2864 etcum
507 2807 637 2866 obscuro
651 2807 720 2866 loco
733 2820 842 2865 natum
854 2827 916 2865 esse
931 2807 1003 2864 satis
1013 2801 1174 2884 appareatg
1190 2801 1267 2860 libe·

234 2882 292 2942 rali
306 2897 409 2950 tamen
422 2894 616 2955 institutione
629 2917 699 2955 eum
713 2917 820 2969 usum,
835 2907 949 2954 etcum
965 2895 1037 2952 viris
1050 2893 1148 2951 doctis
1165 2904 1196 2950 et
1209 2889 1268 2950 elc-

234 2973 379 3048 gantibus
400 2997 552 3042 versatum
571 3003 646 3057 csse,
665 2996 730 3042 tota
747 2983 865 3062 ingenii
882 2980 947 3062 ejus
967 2983 998 3040 in
1014 2979 1205 3038 carminibus
1218 2997 1267 3036 ex·

234 3078 339 3136 pressa
350 3085 492 3132 venustas
508 3075 579 3132 satis
596 3071 711 3154 prodit.
730 3075 774 3132 Ex
789 3071 902 3131 humili
919 3073 1003 3131 enim
1019 3085 1050 3128 et
1067 3068 1192 3128 sordida
1205 3069 1268 3126 vita

234 3159 264 3204 ct
278 3158 502 3219 consuetudine
520 3179 611 3218 nemo
633 3158 723 3218 facile
738 3160 877 3238 generosi
895 3173 993 3242 poetae
1012 3159 1137 3238 spiritus
1158 3157 1268 3226 sumit3

233 3237 294 3296 nisi
319 3241 400 3304 forte
424 3246 580 3307 literarum
607 3246 813 3324 humanitas,
850 3249 1076 3324 meliorumque
1102 3243 1269 3303 hominum

235 3326 477 3394 contubernium
506 3335 762 3416 exemplumque,
790 3337 943 3400 natalium
971 3333 1074 3394 sordes
1097 3333 1269 3414 primaeqne

234 3413 376 3496 pucritiae
389 3421 564 3502 robiginem
578 3422 748 3482 deterserit.

660 3575 702 3638 U.
717 3574 752 3636 C.
769 3573 844 3660 699.

327 3713 381 3779 Cn.
397 3715 560 3812 Pompeius
573 3719 707 3812 Magnus
719 3723 771 3785 II:
783 3719 828 3783 M.
841 3719 979 3783 Licinius
995 3717 1121 3782 Crassus
1135 3714 1182 3779 II.
1273 3799 1275 3806 Ι

252 3824 255 3833 ’
527 3828 568 3892 A.
583 3827 617 3891 C.
633 3827 683 3893 55.
700 3825 826 3917 Virgilii
841 3825 976 3890 15-16.

278 3971 346 4034 Hoc
363 3981 446 4036 anno
466 3975 589 4042 virilem
606 3989 712 4061 togam
730 3979 840 4042 sumsit
855 3975 1020 4058 Virgilius,
1039 3976 1067 4037 si·
1082 3993 1192 4036 verum
1212 3983 1271 4046 est,
