2704 4582
241 328 282 415 93
553 316 948 382 counanrlnrl

239 466 349 510 necem
362 453 515 516 secutam,
535 450 603 500 tum
617 440 690 520 quia
700 441 815 520 petitio,
830 438 905 498 levis
921 437 988 498 laus
1005 440 1037 498 in
1051 451 1140 498 tanto
1156 440 1288 500 furore
1300 463 1313 515 ;

239 553 308 598 tum
323 535 397 616 quia
411 532 532 605 statim,
550 550 599 590 vos
614 531 702 588 etiam
717 527 872 601 cecidistis,
891 530 977 608 quasi
990 527 1156 588 ceciderint
1169 531 1313 604 etiam,

240 629 295 708 qui
309 634 538 706 precesserunt.
560 620 698 678 Historia
716 615 916 692 Anchemoli,
939 638 1031 698 quam
1050 620 1196 698 attingit,
1222 617 1313 678 haec

240 727 285 774 est
297 711 441 771 Serviano
457 707 511 768 filo
523 720 622 767 texta:
638 705 700 764 fuit
711 704 839 764 Rhoetus
852 707 913 764 Rex
930 703 1162 766 Marrubiorum
1177 708 1214 765 in
1230 707 1311 766 Ita-

239 802 299 872 lia;
320 810 445 856 mortua
465 814 576 869 uxore,
602 814 638 852 ex
657 814 717 874 qua
736 791 962 852 Anchemolum
980 806 1169 874 susceperat,
1195 793 1313 852 duxit

241 873 436 969 Casperiam3
451 886 613 966 privignus
625 901 793 942 novercam
805 883 975 964 stupravit,
994 897 1023 942 et
1034 885 1149 942 iratum
1162 895 1311 964 patrem

239 979 362 1058 fugiens
375 996 405 1034 se
420 973 458 1034 ad
471 976 610 1032 Turnum
622 971 757 1031 contulit
766 1017 774 1046 ,
789 973 840 1030 cui
853 991 938 1032 nunc
948 969 1050 1032 reddit
1063 971 1313 1054 hospitalitatis

240 1069 388 1150 gratiam,
401 1065 439 1124 ad
452 1061 534 1122 bella
547 1081 695 1142 sequens:
708 1059 779 1123 ideo
790 1081 864 1120 vero
875 1074 958 1142 pente
969 1074 1093 1135 vetusta,
1107 1064 1186 1142 quia
1195 1061 1313 1122 Rhoe-

239 1171 288 1216 tus
300 1153 458 1213 ferebatur
471 1151 624 1230 originem
638 1149 750 1208 ducere
763 1169 781 1206 a
793 1146 928 1223 Phorco,
945 1150 1067 1208 marino
1078 1151 1155 1209 Deo.

279 1244 345 1322 390.
367 1242 491 1301 Transit
505 1239 544 1298 ad
565 1239 644 1298 duos
659 1239 730 1298 Lari
752 1236 853 1312 filios,
874 1238 1021 1298 Dauciam
1043 1250 1074 1296 et
1089 1237 1307 1319 Tymhrum,

240 1353 317 1415 quos
333 1328 404 1390 ideo
421 1327 549 1404 Laridas
566 1338 670 1386 vocat:
694 1339 783 1385 erant
799 1323 833 1384 hi
848 1327 973 1408 qemini,
994 1324 1026 1383 id
1044 1337 1106 1399 eet,
1127 1322 1206 1386 editi
1224 1347 1308 1384 uno

237 1435 348 1504 partu:
370 1421 413 1476 ita
426 1436 500 1475 vero
513 1413 644 1488 similes„
667 1427 703 1472 ut
718 1412 852 1472 discerni
867 1434 883 1471 a
901 1415 962 1472 suis
979 1433 1043 1472 non
1060 1425 1209 1493 possent3
1238 1415 1309 1494 qui

238 1530 324 1571 error
344 1508 536 1589 gratissimus
555 1517 621 1564 erat
639 1503 838 1584 parentibus:
863 1502 916 1562 sed
936 1501 1015 1562 hanc
1030 1515 1151 1562 tantam
1171 1502 1306 1563 formae

237 1595 475 1659 similitudinem
491 1591 593 1657 Pallas
610 1591 1033 1666 crudeliterdiscriminavit;
1052 1611 1127 1650 nam
1142 1589 1305 1672 Tymbro

237 1687 364 1748 abstulit
375 1698 487 1766 caput;
502 1685 644 1758 Dauciae,
664 1703 757 1764 quem
772 1681 906 1742 Laridem
918 1695 1026 1757 vocat,
1045 1680 1229 1742 dexteram:
1256 1707 1307 1744 ne

236 1789 326 1857 putes
337 1788 443 1832 temen
454 1772 605 1830 Dauciam
617 1792 682 1829 non
698 1771 828 1844 obiisse;
847 1791 919 1832 nam
932 1792 1040 1851 supra,
1056 1770 1220 1830 cecidistis:
1239 1773 1305 1832 sed

239 1875 310 1922 ante
323 1873 455 1918 mortem
469 1878 576 1939 passus
592 1871 638 1916 est
651 1857 733 1916 hanc
747 1857 921 1916 lanienam:
938 1855 1009 1916 vide
1022 1877 1112 1932 vero,
1132 1879 1175 1916 au
1196 1861 1304 1938 quic-

239 1971 333 2032 quam
344 1947 479 2022 rividius
490 1949 633 2006 extremis
645 1946 799 2021 versibuS,
813 1947 867 2005 ubi
877 1946 972 2006 decisa
980 1945 1078 2006 dextra
1087 1950 1305 2027 quieritsuum

238 2037 392 2110 Laridem3
407 2033 683 2118 dipitimicantjam
694 2037 892 2109 semianimes,
908 2037 1052 2118 etsetrum
1064 2040 1250 2096 retractant!

278 2129 346 2208 397.
361 2123 485 2186 Stimuli
500 2137 636 2204 quatuor
650 2121 824 2182 accendunt
835 2123 984 2198 Arcadas;
999 2124 1116 2183 externi
1132 2123 1218 2198 duo,
1243 2128 1303 2186 in-

236 2218 315 2276 terni
335 2215 417 2275 duo:
439 2215 557 2284 externi
575 2226 666 2288 sunt,
690 2214 839 2274 Pallantis
860 2216 978 2289 oratio,
1000 2227 1030 2272 et
1048 2212 1114 2291 ejus
1133 2213 1302 2294 praeclara

238 2321 322 2388 gesta
332 2305 470 2385 subjecta
480 2303 579 2373 oculis
592 2326 604 2370 z,
610 2304 740 2376 interni,
755 2302 846 2362 dolor
856 2318 886 2363 et
894 2305 996 2387 pudor
1007 2326 1013 2362 :
1025 2303 1173 2385 praeclare
1183 2325 1303 2366 accen-

236 2418 281 2458 sos
292 2416 412 2456 memor
424 2395 489 2469 sui,
509 2415 583 2452 nam
596 2413 693 2474 supra
710 2390 748 2450 de
760 2390 917 2466 Pallante,
936 2397 1066 2453 virtutem
1080 2394 1232 2454 incendit:
1255 2418 1302 2458 en

237 2489 343 2568 itaque
352 2484 419 2565 jam
430 2505 575 2549 accensos,
622 2519 633 2548 ,ι

277 2573 345 2652 399.
367 2572 412 2631 Ad
428 2573 615 2640 sententiam
634 2570 749 2640 horum
768 2591 912 2630 versuum
929 2571 1184 2651 cognoscendam
1204 2578 1299 2635 scias

238 2660 298 2720 hoc
308 2661 462 2739 primum,
472 2656 639 2724 Rhoeteum
650 2673 681 2717 et
693 2657 774 2716 llum
785 2659 880 2718 fuisse
893 2657 1040 2730 Rutulam
1050 2661 1152 2738 Tyren
1162 2675 1195 2719 et
1205 2663 1301 2722 Teu·

236 2747 380 2821 thranta,
400 2745 551 2806 Arcadas:
581 2767 654 2826 ergo
675 2768 774 2827 quum
794 2746 894 2808 Pallas
913 2746 1034 2807 hastam
1051 2747 1237 2828 conjecisset
1259 2755 1299 2812 in

236 2833 335 2909 llum,
355 2849 422 2894 tum
440 2833 572 2906 fortasse
589 2831 738 2894 Rhoeteus
756 2837 849 2896 miser
867 2837 963 2895 ictum
979 2837 1160 2916 intercepit,
1184 2829 1298 2918 quum

235 2924 357 3005 fugeret
369 2922 449 2984 duos
460 2922 569 2983 fratres
581 2922 773 2984 Teuthrauta
786 2939 816 2984 et
827 2928 937 3006 Tyren.
959 2927 1066 3006 ltaque
1082 2925 1235 3006 Rhoeteus
1257 2934 1296 2990 in

236 3012 311 3093 fuga
321 3013 429 3092 mortis
439 3023 571 3078 mortem
581 3013 717 3088 invenit,
731 3033 765 3072 ac
777 3011 941 3072 devolutus
951 3034 1041 3071 curru
1055 3015 1218 3075 interram
1233 3035 1296 3078 est.

237 3105 284 3160 An
296 3121 369 3160 vero
383 3099 446 3160 llus
459 3110 566 3180 postea
578 3119 740 3179 percussus
752 3121 771 3158 a
782 3100 922 3160 Pallante
935 3098 1095 3174 ceciderit,
1110 3115 1205 3182 poeta
1215 3125 1295 3167 ¹non

236 3187 327 3260 dicit;
346 3187 466 3246 Servius
486 3199 516 3246 et
532 3184 585 3244 alii
604 3189 803 3267 suspicantur
821 3185 981 3260 cecidisse;
1000 3209 1072 3248 narn
1091 3187 1189 3248 verba
1211 3191 1296 3267 illa,

239 3273 293 3334 hoc
299 3273 437 3353 spatium,
448 3286 615 3354 tantumque
623 3273 836 3356 morrefiritllm
846 3274 884 3334 a'd
892 3289 1024 3336 mortem
1033 3275 1070 3334 lli
1078 3275 1292 3358 detorquent:

239 3375 275 3420 ut
287 3359 371 3420 dicat
383 3375 491 3440 poeta;
506 3363 690 3442 interceptio
703 3361 824 3422 Rhoetei
836 3362 995 3424 tantillum
1007 3376 1129 3430 morata
1139 3379 1191 3434 est
1203 3387 1296 3427 mor-

239 3465 303 3510 tem
315 3449 361 3508 lli.
377 3450 598 3531 Estfitqientem
609 3465 726 3532 preter,
742 3453 1031 3533 praeterfugientem.

273 3623 334 3693 394.
359 3622 493 3693 Thymbre.
519 3627 568 3677 Pro
595 3628 735 3698 Thymber,
781 3631 809 3680 in
821 3628 1288 3700 Tliteram.Politianuscap.71.T.

237 3705 315 3756 metri
329 3719 423 3754 caussa
438 3705 641 3776 Metaplasmum
655 3709 733 3759 fecit:
816 3709 875 3778 397.
892 3709 1018 3776 Arcadas,
1036 3719 1081 3759 etc.
1101 3709 1289 3764 Vehementer

238 3785 295 3853 ipse
305 3782 376 3833 enim
387 3784 508 3850 superius
521 3785 650 3854 Thymher
660 3786 733 3840 dixit.
780 3801 899 3838 movetur
923 3790 1006 3840 virtus
1031 3788 1118 3839 alieno
1143 3792 1285 3862 exemplo,

238 3865 308 3915 Serv.
323 3889 358 3899 -
373 3863 457 3931 Caput
473 3863 626 3917 Evandrius.
650 3867 736 3917 Docet
779 3866 890 3917 maxime
903 3865 986 3916 ducis.
999 3868 1095 3918 Donat.
1110 3897 1147 3905 -
1161 3869 1283 3924 Tuentes.

237 3941 383 3991 Martianus
401 3939 510 4009 Capella
529 3942 658 4012 syllabam
675 3945 735 3996 uhi·
778 3944 860 3994 Modo
868 3947 1017 4010 intuentes,
1028 3946 1093 3998 alias
1102 3947 1285 4010 defendentes

238 4037 289 4089 que
302 4033 358 4070 esse
370 4035 550 4085 communem,
563 4039 620 4090 quae
630 4021 735 4074 desinat
779 4024 916 4096 significat.
931 4027 999 4080 Serv.
