2726 4592
367 319 461 384 PER
483 317 646 384 ANNOS
668 315 894 388 DIGESTA.
1080 347 1144 415 299

118 437 201 519 quod
214 459 232 498 a
244 439 368 501 Donato
383 442 407 520 3.
422 442 456 514 6,
472 454 675 516 memoratur,
692 443 818 520 iisdem,
835 445 947 528 quibus
963 455 1052 507 natus
1066 461 1146 522 erat,

117 530 197 589 Coss.
208 529 241 588 id
256 529 371 590 factum
385 551 457 592 esse.
473 533 511 590 Et
523 531 681 592 annofere
693 535 748 592 XV
761 534 810 592 vel
821 537 890 594 XVI
904 555 938 594 ea
951 537 1146 609 sumebatur3

117 637 144 676 v.
159 621 262 680 Noris.
276 619 447 701 Cenotaph.
457 621 559 681 Pisan.
572 643 602 701 p.
621 621 689 698 115,
700 643 744 704 sq.
757 637 788 682 et
798 625 911 704 passim
920 624 1012 703 alios,
1024 639 1058 687 ut
1069 626 1147 686 Mas·

118 724 182 766 ton.
197 707 231 766 in
245 709 316 766 Vita
330 709 452 767 Horatii
464 720 495 768 et
506 707 620 767 Ovidii.

541 851 582 913 U.
598 851 633 912 C.
653 873 726 937 7⁰¹·

236 985 293 1049 Cn.
305 985 462 1052 Domitius
479 985 644 1051 Calvinus:
659 987 704 1051 M.
721 987 866 1055 Valerius
880 993 1028 1059 Messala.

408 1092 449 1155 A.
464 1091 498 1156 C.
513 1093 564 1157 53.
581 1092 614 1156 V
612 1093 708 1182 irqilii
722 1097 857 1181 17—18.

154 1243 362 1325 Hieronymus
382 1241 497 1304 Chron.
519 1244 630 1305 Euseb.
650 1245 692 1304 ad
713 1244 838 1327 Olymp.
864 1250 929 1324 181,
948 1248 987 1325 4,
1011 1249 1150 1333 Vispilius

119 1344 211 1390 sumta
227 1345 295 1412 toqa
305 1329 510 1392 Mediolanum
528 1331 748 1413 transqreditur:
761 1346 790 1392 et
799 1345 864 1414 post
877 1333 955 1395 breue
970 1350 1079 1419 tempus
1094 1342 1153 1398 Ro·

119 1440 196 1477 mam
207 1424 307 1502 perpit.
320 1422 358 1480 At
370 1423 512 1480 Donatus
529 1421 553 1499 3.
569 1443 586 1502 7
598 1444 604 1478 ε
620 1421 679 1481 Sed
695 1425 725 1484 V
724 1419 835 1503 irqilius
854 1425 997 1485 Cremona
1008 1425 1153 1486 Mediola-

118 1527 202 1581 num,
215 1521 244 1568 et
254 1507 319 1567 inde
328 1505 431 1589 paullo
443 1508 663 1590 postNeapolin
675 1513 817 1570 transiit...
827 1531 856 1569 se
866 1513 897 1572 in
908 1511 1012 1572 Urbem
1022 1511 1153 1574 contulit.

21 1665 23 1670 ι
119 1595 191 1654 Uter
201 1599 300 1656 verius
315 1596 438 1672 dixerit,
454 1601 521 1677 quis
535 1596 665 1657 definire
679 1597 778 1657 ausit?
790 1599 881 1658 Forte
893 1619 932 1659 ne
942 1603 1071 1661 Romam
1087 1603 1154 1682 qui·

119 1682 188 1744 dem
201 1687 331 1745 omnino
343 1700 411 1746 tum
424 1686 517 1760 adiit3
531 1699 604 1762 aut,
616 1690 640 1746 si
655 1686 746 1763 adiit,
762 1689 796 1746 in
808 1709 916 1769 agrum
932 1711 1023 1749 suum
1037 1711 1109 1750 mox
1122 1711 1153 1750 se

118 1772 264 1850 contulit,
291 1775 375 1856 quod
398 1777 480 1834 inter
498 1775 571 1834 belli
589 1777 689 1836 civilis
708 1777 798 1836 initia
816 1776 933 1839 factum
954 1800 1017 1839 esse
1037 1777 1152 1860 proba·

119 1859 180 1920 bile
192 1859 237 1922 fit.

120 2038 133 2117 s
155 1950 203 2098 Dssc
213 1947 402 2031 juvenilibus
416 1949 539 2034 Virgilii
552 1951 749 2034 poematibus
761 1953 832 2013 vide
844 1973 937 2036 supra
947 1954 985 2015 ad
995 1957 1153 2016 Donatum

136 2058 173 2098 ,α
196 2083 204 2098 .

547 2132 640 2195 U.⁴C.
659 2155 732 2219 709·

355 2269 389 2334 C.
402 2271 505 2336 Julius
518 2271 621 2336 Coesar
632 2273 654 2335 I
654 2273 694 2351 V,
707 2275 772 2337 sine
786 2273 920 2362 Collepo.
1013 2334 1018 2346 .

409 2380 451 2442 A.
467 2379 500 2445 C.
517 2381 568 2460 45.
587 2379 715 2468 Virqilii
726 2379 865 2446 25-26.
911 2385 915 2390 '

160 2527 270 2590 Alexin
284 2529 346 2590 hoc
357 2551 440 2590 anno
455 2531 602 2612 scriptum
617 2527 760 2612 conjicit,
773 2532 908 2612 primam
920 2543 998 2590 certe
1013 2532 1156 2591 omnium

123 2617 298 2700 eclogarum
312 2617 409 2678 fuisse
423 2617 583 2678 contendit
592 2619 745 2678 Martinus
759 2619 793 2694 in
804 2619 866 2677 vita
878 2619 961 2700 Virg.
976 2639 1006 2698 p.
1021 2617 1158 2691 XXXIV,
1190 2638 1196 2656 ⁸

122 2717 152 2763 et
165 2703 203 2763 ad
216 2703 279 2764 Ecl.
294 2705 332 2778 V,
347 2705 394 2764 86.
410 2703 572 2765 Exverhis
584 2707 669 2764 enim
680 2701 774 2786 hujus
786 2705 898 2786 ecloga
909 2728 916 2764 :
926 2709 994 2765 Hac
1008 2718 1033 2765 te
1042 2703 1159 2787 nosfira·

123 2793 174 2874 qili
181 2791 353 2854 donabimus
362 2807 430 2854 ante
440 2797 553 2870 cicuta5
564 2797 710 2869 Hoecnos,
720 2797 889 2856 Formosum
901 2793 1034 2875 Corydon
1042 2791 1161 2854 mdabat

122 2882 246 2956 Alexin,
261 2883 334 2943 Haec
344 2883 444 2942 eadem
454 2883 570 2944 docuit:
581 2881 687 2965 Cujum
697 2905 798 2964 pecus,
812 2906 853 2943 an
861 2881 1159 2964 Meliboeileclogam

122 2968 289 3030 secundam
308 2985 339 3031 et
355 2973 478 3032 tertiam
497 2987 570 3032 ante
585 2973 726 3054 quintam
745 2969 838 3032 fuisse
854 2973 1001 3052 scriptam
1021 2982 1159 3049 apparet.

123 3061 254 3121 Videtur
271 3075 375 3124 autem
397 3063 507 3144 quinta
527 3082 611 3122 anno
626 3081 683 3144 712
698 3061 780 3121 edita
802 3082 877 3136 esse,
894 3072 927 3119 ut
947 3076 1019 3136 mox
1038 3055 1160 3114 videbi-

124 3171 210 3223 mus,
226 3163 262 3209 ut
275 3147 352 3210 adeo
368 3149 428 3210 hoc
441 3163 522 3210 certe
537 3171 620 3210 anno
638 3152 775 3211 anterior
791 3152 830 3210 sit
847 3148 956 3209 Alexis.
969 3147 1038 3204 Jam
1055 3157 1159 3202 autem

124 3238 275 3296 Martinus
289 3258 359 3297 cum
374 3238 442 3297 aliis
454 3239 500 3316 (v.
516 3259 586 3296 mox
605 3235 644 3296 ad
657 3259 691 3320 71
701 3238 744 3316 ι.)
758 3251 788 3296 et
800 3235 860 3295 hoc
875 3235 980 3315 ponit,
992 3227 1160 3310 Virgilium
1251 3247 1253 3254 ·

124 3323 354 3383 Gaesarinotum
367 3323 475 3399 fuisse,
486 3323 579 3404 idque
590 3318 673 3383 haud
686 3323 782 3383 dubie
794 3323 931 3382 carmine
944 3319 1065 3399 aliquo,
1075 3315 1160 3397 quod

125 3413 230 3496 ipsum
244 3434 366 3472 carmen
379 3411 490 3474 Alexin
500 3412 596 3474 fuisse
607 3415 791 3494 suspicatur,
807 3411 946 3492 adeoque
958 3410 992 3468 in
1008 3405 1090 3467 hunc
1105 3427 1161 3464 an·

125 3525 203 3563 num
217 3499 330 3582 rejicit,
351 3503 492 3586 sequenti
511 3505 595 3563 enim
610 3521 694 3562 anno
714 3502 834 3561 occisus
852 3499 913 3560 fuit
924 3501 1033 3560 Caesar.
1048 3495 1160 3570 Vides,

127 3607 161 3653 ut
174 3594 307 3674 suspicio
326 3613 362 3652 ex
381 3595 557 3676 suspicione
576 3595 656 3654 necti
670 3591 777 3650 soleat.
789 3589 842 3650 Est
860 3604 962 3650 tamen
976 3587 1099 3668 Eclogae
1117 3585 1161 3658 ll,

127 3701 200 3745 cum
215 3696 447 3760 argumentum,
461 3695 528 3740 turn
544 3694 608 3740 tota
622 3679 781 3754 tractatio,
794 3681 818 3737 si
834 3698 955 3737 sensum
970 3691 1077 3749 tuum,
1094 3692 1161 3732 non

126 3770 327 3850 opinionem,
339 3770 460 3844 audias,
473 3769 643 3851 ejusmodi,
655 3782 690 3830 ut
703 3787 769 3828 non
784 3766 887 3846 facile,
902 3767 965 3826 nisi
976 3765 1010 3826 in
1023 3761 1161 3845 juvenile

127 3860 306 3942 ingenium,
321 3857 428 3922 cadere
439 3861 547 3944 possit.
