2720 4588
236 252 356 318 vrri
380 255 415 316 r.
440 250 669 316 vrnomu
692 231 933 315 Minonis.
1041 251 1104 340 273

66 371 291 454 tardissimum,
303 397 432 459 acpaene
444 375 573 436 indocto
585 373 718 434 similem
730 371 836 448 fnisse,
846 373 989 434 Melissus
1000 377 1104 435 tradit.

103 462 168 522 VIL
182 465 339 528 Paetinam
352 485 428 545 puer
438 461 539 523 adhuc
550 462 739 542 auspicatus,
753 461 785 518 in
794 460 954 535 Balistam,
968 461 1033 521 ludi
1044 463 1106 544 gla'·
1142 465 1178 518 28

65 545 189 608 diatorii
204 554 405 632 magistrum,
424 551 464 611 ob
485 548 651 608 infamiam
670 548 907 608 latrociniorum
924 565 1106 631 coopertum

65 631 236 716 lapidibus,
251 639 406 700 distichon
419 639 493 698 lecit
507 663 514 696 :

168 754 262 807 Monte
273 755 324 806 sub
335 755 388 807 hoc
400 755 520 825 lapidum
533 754 630 824 tegitur
643 750 740 802 Balista
753 752 887 822 sepultus:

187 834 305 902 tNocte,
318 835 375 901 die,
387 847 472 884 tntum
485 851 580 903 carpe,
593 833 692 896 viator,
706 834 763 882 iter.
838 844 841 852 ·

65 933 182 996 Deinde
196 937 377 1014 Catalecton,
392 956 421 1000 et
437 943 598 1012 Moratum,
611 941 809 1020 et‘Priapein,
824 952 854 998 et
867 941 1106 1020 Epigrammata,

67 1103 121 1152 sus,
134 1087 302 1159 Spoletinus,
314 1093 467 1144 Maecenatis
483 1093 566 1144 liber·
610 1092 672 1143 Vita
681 1093 783 1164 Virgilii
797 1092 868 1144 ada.
882 1092 933 1160 696
948 1090 1111 1161 disputatio-

67 1177 120 1230 tus,
137 1167 172 1219 de
190 1187 244 1240 quo
259 1189 282 1222 v.
297 1171 405 1223 Sueton.
422 1172 454 1224 de
470 1173 564 1224 illustr.
611 1189 668 1238 nes,
673 1172 803 1240 judicium
811 1183 932 1222 nostrum
940 1173 967 1220 in
975 1173 1111 1224 Prooemiis

68 1245 212 1302 Grammat.
230 1269 272 1308 21.
284 1251 395 1322 Scripsit
407 1253 513 1304 fabulas
527 1265 568 1302 to·
612 1251 647 1304 ad
662 1255 766 1302 minora
777 1251 881 1322 Virgilii
893 1253 1051 1302 earmina-et
1063 1251 1112 1302 Ca·

67 1338 153 1396 gatae,
163 1329 236 1380 un‘de
246 1330 324 1382 Ovid.
336 1351 368 1382 ex
379 1333 406 1382 Ρ.
418 1333 463 1399 IV,
476 1331 516 1397 16,
524 1333 568 1397 30,
614 1333 709 1384 talecta
720 1332 873 1401 adjecimus.
883 1335 984 1382 Interea
992 1329 1048 1383 haee
1057 1350 1112 1382 mo·

71 1406 121 1456 «Et
132 1419 180 1458 tua
192 1427 253 1459 cum
263 1428 343 1460 socco
353 1410 444 1477 Musa,
454 1410 568 1475 Melissa,
612 1429 675 1464 nere
697 1411 812 1464 sufficiat
826 1435 832 1463 ε
853 1412 945 1462 Fuisse
967 1409 1112 1480 aliquando

68 1484 130 1536 levis
142 1509 170 1553 ιι,
182 1487 230 1538 ubi
243 1507 265 1538 v.
280 1490 366 1539 Heius.
613 1492 732 1544 Culicem
741 1494 898 1563 inscriptum
910 1510 1019 1543 carmen
1030 1492 1116 1563 Virgi-

101 1565 123 1637 §.
148 1567 189 1620 28.
212 1567 282 1618 Ludi
297 1568 449 1640 gladiatorii
468 1565 568 1640 ‘magis-
613 1573 642 1623 lii
654 1574 754 1643 passim
763 1571 885 1624 habiturn
893 1571 972 1621 docet
981 1571 1114 1625 Martialis

69 1657 135 1697 trum
142 1669 151 1708 ‚·
163 1647 223 1719 lege
234 1647 291 1698 ludi
300 1648 460 1713 litteratorii,
473 1651 494 1698 si
502 1648 570 1698 Pho·
614 1654 684 1717 XIV,
702 1652 765 1704 185:
786 1654 906 1724 «Accipe
921 1650 1032 1703 facundi
1045 1652 1117 1703 Culi-

69 1744 111 1779 cas
132 1727 329 1780 Grammaticus
353 1727 516 1794 audiendus,
541 1729 569 1779 in
615 1731 997 1800 cem,studiose,Maronisr;
1012 1743 1038 1782 et
1047 1731 1115 1797 VIII,

68 1808 189 1863 versibus
198 1808 231 1861 ds
240 1811 302 1862 Vita
308 1810 453 1882 Virgilii,v.
465 1810 495 1876 41
509 1828 568 1880 sqq.
614 1813 705 1885 Epigr.
718 1813 767 1880 56,
783 1831 827 1883 19,
840 1830 887 1880 20,
908 1812 1051 1862 «Protinus
1063 1813 1116 1863 lta-

69 1887 224 1940 Secundum
248 1888 320 1942 bunc
343 1890 442 1942 Balista
467 1889 582 1961 Virgilii·
615 1891 677 1944 liam
688 1895 825 1964 concepit,
839 1906 865 1945 et
878 1913 952 1945 arma
961 1895 1115 1963 virumque,

12 2015 13 2026 ,
69 1969 197 2039 magister
206 1970 234 2020 in
244 1967 380 2020 elementis
391 1971 570 2040 grammaticis
616 1973 669 2040 Qui
680 1973 761 2024 modo
773 1975 816 2026 va
829 1974 941 2028 culicem
952 1973 1061 2027 lleverat
1071 1991 1117 2024 ore
1158 1961 1162 1965 .

70 2047 572 2115 fuerat:aDonatotamen,etcertea
616 2052 706 2104 rudi.»
733 2053 841 2105 Suetou.
861 2055 888 2105 in
909 2055 972 2104 Vita
992 2054 1115 2106 Lucani:

69 2130 158 2198 prima
178 2147 272 2194 manu,
293 2129 375 2180 fuisse
393 2128 497 2180 videtur
516 2128 574 2180 ludi
620 2133 1118 2204 «ut...snaeumVirgiliocomparans,

12 2249 13 2286 ,
69 2209 238 2280 magistrum,
256 2221 286 2260 ut
297 2211 353 2278 jam
369 2211 397 2259 in
415 2209 484 2260 Edit.
503 2211 571 2262 Ven.
619 2230 698 2265 ausus
711 2214 745 2264 sit
757 2212 861 2263 dicere:
876 2224 901 2262 et
915 2224 1043 2281 qnantum
1052 2212 1119 2263 mihi

75 2289 157 2357 1472,
167 2300 194 2340 et
206 2291 234 2340 in
245 2287 318 2355 aliis,
328 2301 357 2338 ut
365 2287 498 2355 Danielis,
511 2287 572 2340 edd·
619 2304 701 2344 restat
717 2290 751 2342 ad
767 2290 923 2342 Culicem?.»
943 2291 1040 2342 Statius
1054 2291 1116 2343 Silv.

70 2367 184 2439 legitur:
197 2367 267 2419 male
277 2367 467 2438 interpolatum
481 2365 573 2418 addito
618 2374 655 2437 ΙΙ,
673 2387 702 2439 7,
714 2369 761 2438 74,
777 2368 811 2420 de
830 2367 953 2419 Lucano:
971 2370 1053 2420 «Haec
1065 2371 1118 2438 pri-

70 2449 174 2510 alter03
194 2447 262 2499 vidit
279 2447 332 2500 hoc
351 2449 518 2500 Burmannus
540 2445 575 2498 ad
619 2469 662 2502 mo
679 2450 783 2518 juvenis
805 2465 884 2499 canes
905 2447 955 2498 sub
975 2467 1030 2498 aevo
1050 2448 1118 2500 Ante

71 2528 219 2602 Autholog.
238 2527 284 2580 lat.
301 2529 377 2579 Tom.
392 2530 417 2592 l,
432 2545 494 2599 pag.
513 2527 573 2594 367·
620 2527 1118 2598 annosCulicisMaronianin3etpraef.

72 2609 217 2681 Ceteroqui
229 2627 354 2681 magnum
365 2627 476 2660 acumen
488 2609 575 2658 inesse
620 2610 681 2662 silv.
695 2609 741 2660 lib.
754 2611 778 2674 I,
789 2608 835 2660 ubi
847 2620 953 2660 veretur
963 2607 996 2659 de
1006 2606 1120 2659 Thebai·

71 2689 191 2742 disticho
201 2689 275 2740 baud
287 2689 386 2741 dixero.
622 2689 655 2741 de
674 2687 794 2740 edenda:
815 2687 884 2739 used
906 2701 931 2740 et
947 2686 1064 2738 Culicem
1083 2686 1119 2736 le-

112 2768 496 2840 Catakcton.Nomenhoejam
504 2765 577 2838 apud
622 2771 726 2840 gimus,
748 2780 774 2818 et
793 2765 1119 2838 Batrachomyomachiam

72 2852 224 2902 Ausonium
243 2850 359 2900 occurrit
375 2849 403 2898 in
418 2846 494 2918 Idyll.
514 2847 577 2911 XII,
622 2851 701 2900 etiarn
717 2848 897 2917 agnoscimns;
914 2864 964 2896 nec
979 2863 1120 2914 quisquam

72 2930 150 3002 quod
164 2929 397 3001 Technopaegnion
410 2928 576 2996 inscriptum.
623 2940 662 2978 est
675 2926 815 2984 illustrium
828 2937 982 2996 poetarum,
1002 2925 1047 2993 qui
1065 2941 1120 2973 non

70 3011 202 3062 Declarat
212 3027 311 3060 nornen
322 3009 456 3074 carmine,
466 3023 523 3076 qnae
533 3004 579 3056 ha·
624 3007 725 3078 aliquid
738 2999 864 3077 operibus
881 3007 934 3056 suis
952 3004 1018 3074 stylo
1032 3004 1122 3053 remis·

72 3092 135 3144 beri
152 3102 179 3142 et
197 3089 299 3140 censeri
315 3088 402 3140 solent
413 3085 530 3156 Virgilii,
546 3079 580 3134 rai
624 3089 692 3138 siore
711 3085 889 3156 praeluserit.»
913 3084 1054 3134 Enimvero
1076 3093 1123 3132 aut

74 3168 259 3236 καταλιγόμιηι
268 3167 297 3223 tir
308 3165 341 3220 eal
349 3168 392 3220 ‘reri
402 3162 520 3232 Μάρωνος.
533 3165 579 3214 Est
623 3165 706 3217 Culex
717 3164 762 3216 ille
772 3163 876 3234 Virgilii
886 3158 1033 3223 intercidit,
1047 3171 1073 3212 et
1085 3161 1121 3225 is,

73 3253 151 3304 enim
165 3249 212 3302 adr
228 3247 377 3300 unanimos
389 3233 471 3310 liber,
481 3233 519 3297 'nsi
533 3263 579 3294 aa·
625 3263 703 3314 quem
713 3261 784 3294 nnnc
794 3240 933 3302 hahemus,
942 3257 957 3290 a
967 3238 1122 3314 Grammati-

72 3330 193 3386 «ἅλατι.
200 3329 357 3382 Collectioni
364 3323 580 3395 alicuiejusmodi
625 3343 657 3374 co
667 3324 820 3393 suppositus
832 3331 871 3370 est
881 3320 937 3386 ejus
947 3319 1062 3382 nomini,
1076 3332 1122 3376 aut

72 3409 216 3484 praefixum
228 3425 286 3460 esse
302 3407 395 3460 debuit
410 3407 580 3476 Epigramma
625 3404 719 3453 misere
741 3399 856 3451 foedatus
880 3396 924 3448 ille
946 3411 998 3461 est,
1019 3396 1122 3456 laciniis

78 3484 579 3559 182,lib.lI,Anth.L.VateSyracosio,
625 3483 774 3553 pannisque
794 3479 929 3528 variorum
949 3477 1123 3548 Interpolato·

74 3586 131 3626 etc.
144 3568 248 3622 Eodem
262 3567 395 3620 referebat
408 3583 512 3618 versum
525 3561 580 3614 Ecl.
625 3581 684 3612 rum
697 3559 801 3610 assutis.
813 3556 931 3608 Alterum
943 3575 1063 3620 carmen,
1074 3575 1123 3610 nec

76 3645 582 3718 Vl,1,PrimaSyracosioOudinusin
626 3642 712 3692 minus
738 3635 808 3688 foede
826 3635 1030 3705 interpolatum,
1056 3637 1124 3687 Cirirt

75 3731 284 3801 Disceptatione
301 3727 337 3778 -de
356 3726 446 3778 Colice
465 3723 581 3796 Virgilii,
627 3717 752 3772 Cornelio
781 3713 859 3767 Gallo
886 3712 1050 3764 vindicatum
1078 3716 1126 3764 ivit

75 3830 165 3884 qnam
174 3809 293 3860 invenies
305 3805 377 3856 infra
386 3825 412 3874 p.
425 3805 485 3870 334.
496 3805 582 3870 Deju·
627 3803 694 3854 Just.
706 3799 871 3853 Fontaninus
883 3795 944 3848 hlst·
957 3794 1007 3846 litt·
1021 3794 1126 3864 Aquilei

74 3889 215 3944 venalibus
226 3884 329 3958 Virgilii
343 3883 510 3954 poematibus
523 3893 584 3952 post
627 3882 674 3934 lib.
692 3884 716 3946 1,
732 3898 792 3949 cap.
809 3895 838 3943 a,
854 3897 882 3948 p.
896 3876 929 3928 32
944 3893 1019 3945 sqq,
1033 3893 1127 3946 repug-

73 3977 203 4028 virorum
215 3967 370 4031 doctorum,
383 3965 462 4018 etiam
471 3965 543 4014 Rnaei
556 3964 584 4015 in
629 3975 709 4014 nante
726 3961 767 4010 Jo.
785 3955 934 4010 Schradero
949 3968 976 4007 et
990 3954 1063 4008 aliis:
1079 3951 1126 4004 red

156 4078 180 4129 7·
892 4113 895 4117 Δ
953 4043 982 4095 18
