2742 4596
283 265 983 382 coniernusnruuscmrrrs.
1092 330 1155 418 447

149 433 260 498 XVIII.
273 432 421 496 Praeclara
434 433 539 514 aliqua
552 446 582 494 et
594 434 655 494 rari
668 434 799 516 exempli
812 433 1006 502 humanitate
1018 465 1053 505 ac
1063 446 1157 512 bene-

107 521 248 584 volentia
260 519 292 582 b.
304 520 367 580 Jul.
380 522 448 582 Car.
464 519 644 602 Schlaegeri,
656 521 760 584 usibus
772 527 884 586 nostris
897 526 994 596 oblati
1007 544 1037 592 et
1050 535 1087 596 ad
1101 559 1159 602 nos

108 611 199 670 missi
214 624 288 672 sunt
299 610 430 672 Codices
444 631 461 672 e
474 609 658 674 Bibliotheca
670 609 808 674 cottana
821 626 896 690 tres,

147 709 417 788 Primuspergam.
437 709 557 772 octonis
571 721 656 770 cont.
671 707 830 786 Bucolica,
841 712 995 795 Georgica
1012 733 1041 780 et
1059 725 1158 788 AEnei.

107 794 190 855 dem.
211 796 258 858 dd
279 795 395 858 calcem
415 795 578 878 Calpurnii
597 796 725 877 Eologa
741 809 875 879 septem3
889 803 989 866 nitide
1007 811 1157 893 scriptus,

105 883 206 954 literis
225 884 399 947 initialibus
418 886 551 960 auratis,
565 905 669 950 recens
684 898 803 961 tamen,
821 900 851 948 et
870 890 919 950 vix
932 907 1004 954 ante
1017 917 1086 958 saec.
1101 902 1158 964 XV

106 972 254 1052 scriptus,
263 973 303 1034 ab
313 971 440 1052 indocto
449 973 524 1036 ¹satis
534 973 664 1036 librarlo
673 993 706 1046 ,e
716 970 804 1036 bono
816 987 921 1038 tamen
930 976 1026 1058 libro;
1037 982 1158 1050 bonam

107 1062 193 1119 enim
206 1061 389 1144 plerumque
403 1063 571 1123 lectionem
583 1061 718 1122 exhibet.
1143 1077 1144 1080 ’

148 1158 234 1221 Alter
239 1159 431 1237 chartaceus,
440 1162 496 1224 fol.
505 1161 676 1230 admodum
687 1183 805 1245 recens,
815 1185 873 1226 nec
881 1187 916 1228 ex
925 1136 1046 1250 optimo
1056 1193 1157 1237 exem.

107 1246 206 1329 plari3
221 1247 316 1310 habet
328 1263 433 1312 tamen
446 1251 592 1312 lectiones
610 1251 769 1314 interdum
786 1254 836 1314 vix
851 1255 926 1316 alibi
941 1257 1096 1330 obviasti
1109 1287 1157 1325 re-

105 1340 245 1400 centiore
265 1361 361 1404 manu
380 1341 488 1423 glossae
507 1343 588 1404 inter
608 1341 707 1414 lineas
726 1343 905 1426 adscriptam
921 1349 1024 1412 multa
1045 1355 1157 1435 etiam,
1271 1339 1273 1347 .

106 1427 205 1488 modo
216 1429 250 1488 in
260 1430 432 1508 meliorem,
443 1430 538 1492 modo
552 1432 586 1494 in
596 1430 780 1494 deteriorem
791 1432 971 1512 lectionem,
984 1441 1157 1504 emendata.

107 1519 271 1579 Praemissa
286 1533 316 1579 et
329 1522 363 1580 in
376 1523 484 1602 primis
496 1523 618 1604 paginis
632 1536 664 1581 et
676 1523 733 1582 sub
747 1525 901 1606 principia
916 1526 1071 1592 librorum
1086 1534 1156 1596 vul·

107 1611 194 1688 garia
208 1610 242 1670 in
252 1609 420 1692 Virgilium
431 1611 575 1689 {carmina
592 1622 623 1671 et
636 1624 833 1692 argumenta,
847 1628 880 1684 et
889 1615 946 1684 sub
958 1617 1071 1683 calcem
1085 1623 1157 1684 sub-

103 1693 186 1776 jecta
200 1711 272 1758 sunt
287 1700 444 1760 Moretum
458 1715 489 1762 et
503 1699 570 1760 alia·
579 1702 718 1774 minora,
736 1721 805 1782 qua
820 1703 878 1764 sub
889 1705 1011 1786 Virgilii
1028 1711 1157 1774 nomine

105 1783 269 1862 feruntur,
287 1789 441 1864 carmina,
462 1789 558 1862 etiam
579 1788 734 1856 nonnulla
753 1789 868 1866 aliena¹
890 1793 1158 1872 quemadmodum

106 1877 287 1937 recentioris
308 1877 440 1959 alicujus
461 1892 606 1960 poemata
627 1877 790 1956 funebria,
810 1901 945 1962 quorum
969 1888 1158 1968 compitator
1209 1899 1211 1911 '

106 1961 282 2046 adscriptus
294 1973 359 2026 est:
374 1967 487 2028 Ductor
502 1966 576 2036 bunt
592 1965 772 2038 Meilerstatt.
787 1969 925 2032 'landem
942 1971 1064 2036 Servius
1084 1977 1158 2038 suh·

101 2051 263 2134 jungitur,
277 2056 331 2116 sed
345 2060 515 2120 recentiore
525 2070 555 2128 et
566 2051 695 2122 horrida
707 2061 868 2141 scriptura.
879 2060 926 2130 Ad
939 2069 1158 2132 commentarii

106 2143 141 2201 in
161 2141 312 2225 Georgica
336 2143 451 2206 calcem
472 2145 701 2206 subscribitur:
720 2148 778 2206 Per
797 2149 950 2228 (iasparem
970 2149 1102 2235 Philippi
1121 2154 1157 2216 de

105 2228 243 2294 dressden.
253 2252 333 2290 anno
344 2230 396 2302 dni
408 2234 587 2304 ucooan10·
602 2232 689 2302 Idem
704 2254 835 2309 nomen,
847 2235 898 2294 sed
914 2238 981 2304 sinc
995 2259 1079 2300 anno
1094 2241 1166 2302 sub'

106 2316 203 2386 finem
228 2319 450 2385 Commentarli
474 2323 509 2380 in
533 2317 692 2382 AEneidam
718 2320 927 2402 adscriptum
952 2344 1044 2402 quem
1069 2327 1157 2389 Fabii

104 2405 234 2468 Punico
255 2407 290 2468 de
309 2407 464 2491 Fulgentio
482 2407 588 2489 (Fabii
610 2409 784 2468 Planciadae
808 2411 985 2490 Fulgentii)
1003 2416 1156 2494 Expositis

103 2492 308 2578 philosophica
318 2496 454 2568 AErter'dos
462 2496 634 2579 Virgilianae
643 2497 766 2578 excipit.
777 2498 830 2556 Est
840 2497 865 2556 is
875 2512 969 2558 notus
979 2498 1103 2562 libellus
1115 2503 1154 2563 de

104 2586 489 2667 coutinentiaVirgiliana.
503 2588 597 2646 Hunc
612 2585 758 2646 Codicem
775 2599 981 2646 memoratum
999 2589 1105 2650 videas
1121 2593 1156 2657 in

106 2673 257 2753 Cypriani
275 2671 373 2734 Catal.
388 2674 487 2736 Codd.
502 2673 582 2734 Bibl.
597 2671 693 2734 (loth.
710 2695 741 2755 p.
752 2673 806 2749 82,
820 2693 851 2742 n.
862 2674 1053 2752 CCXXXVI,
1066 2692 1096 2746 et
1109 2680 1155 2739 al-

105 2774 224 2838 terum,
237 2763 292 2844 qui
304 2764 459 2844 sequitur,
474 2785 505 2844 p.
524 2765 595 2839 106,
605 2785 637 2822 n.
651 2763 729 2824 LIV.

145 2858 284 2918 Tandem
300 2863 396 2921 tertius
410 2862 531 2920 octonis
545 2859 650 2920 forma
661 2858 814 2938 oblonga,
826 2858 967 2918 continet
978 2862 1153 2938 AEneideut,

105 2947 214 3010 multis
235 2951 393 3032 scripturae
413 2950 623 3032 compendiis,
644 2963 674 3012 et
693 2947 784 3010 valde
796 2949 906 3012 vitiose
922 2963 1081 3026 exaratus,
1095 2949 1155 3014 fre-

105 3038 339 3122 quentibutque
352 3038 454 3100 lituris
465 3052 495 3100 et
508 3039 644 3102 indoctis
654 3036 925 3112 emendationibus
934 3039 1049 3116 passIm
1063 3039 1156 3098 inter-

105 3128 243 3212 polatus.
256 3128 302 3188 Ad
315 3129 388 3189 XIII
402 3142 506 3188 tamen
521 3129 569 3189 vel
584 3133 654 3192 XIV
666 3130 814 3190 saeculum
828 3126 992 3206 adsurgere
1005 3126 1069 3208 ejus
1082 3141 1155 3197 tatas

105 3218 207 3280 videri
222 3231 332 3300 potest.
352 3220 418 3282 Hos
430 3231 493 3280 tres
508 3219 598 3280 codd.
619 3221 814 3302 comparavit
827 3231 859 3278 et
871 3217 1013 3286 lectionis
1025 3220 1156 3281 varieta-

107 3323 172 3370 tem
187 3308 227 3368 ad
239 3311 414 3390 marginem
430 3309 502 3380 edit.
515 3309 655 3391 Gotting.
669 3310 816 3392 excerpsit
828 3310 875 3376 to.
889 3308 941 3370 Ge.
954 3306 1084 3384 Meusel,
1097 3308 1153 3374 illo

104 3411 248 3479 tempore
268 3399 368 3480 (1766)
384 3397 526 3480 juvenis,
545 3400 707 3460 seminarii
727 3394 912 3480 philologici
933 3394 1079 3458 sodalitio
1101 3399 1154 3460 ad-

106 3487 253 3566 scriptus,
263 3506 347 3547 nunc
357 3489 392 3548 in
403 3486 567 3548 Academia
579 3486 762 3567 Erlangensi
772 3485 981 3546 Historiarum
994 3485 1154 3558 Professor

104 3571 1151 3656 deliterishistoricismeritissimus,PrincipiMarcbioniBrandenb.

105 3687 125 3724 a
140 3663 233 3730 Cone.
246 3663 309 3724 aul.

147 3759 227 3828 XIX.
240 3757 407 3828 obtulerat
426 3756 507 3822 mihi
525 3755 667 3839 exemplo
686 3753 889 3826 humanitatis
907 3753 991 3816 haud
1012 3758 1153 3846 vulgari,

106 3865 165 3918 nec
185 3844 373 3930 appellatus,
392 3847 514 3922 Suxius,
535 3859 757 3909 conterraneus
777 3863 865 3907 meus
882 3845 974 3922 (narn
990 3845 1023 3904 in
1043 3847 1153 3910 iisdem

109 3933 352 3998 Chemnicieusis
370 3933 428 3997 soli
444 3935 528 4018 apud
544 3935 683 4004 Misenus
697 3933 830 4009 linibus,
847 3933 1009 4014 inquibus
1026 3934 1082 3996 Ge.
1097 3937 1154 3998 Fa-

110 4025 228 4096 bricius
238 4038 332 4104 natus
342 4037 420 4104 erat,
435 4022 536 4092 lucem
548 4037 675 4107 uterque
687 4023 897 4107 adspeximus)
902 4057 912 4103 ‚-
924 4023 1091 4106 Virgilium
1103 4047 1155 4087 va-

1251 1909 1256 1942 .
1274 1964 1278 1979 l
