2720 4588
13 471 15 506 l

306 324 360 392 tu
382 319 615 394 muninus
639 331 732 395 nia.
757 324 846 432 xii.
1034 360 1097 432 209
1152 335 1156 344 '

59 467 107 533 que
118 475 125 511 :
137 451 192 512 hic
205 453 287 534 ignis
301 451 381 512 alius
396 453 434 513 ab
449 453 526 514 focis
537 452 602 534 jam
618 457 804 534 nominatis,
815 472 845 518 et
855 463 923 520 usui
934 463 1031 524 alteri.
1051 471 1099 529 Se·

59 541 158 617 quitur
176 541 397 600 ministrorum
418 553 562 600 ornatus:
584 539 617 600 hi
638 541 725 602 vetati
747 542 823 618 lino;
837 566 910 606 nam
922 551 1053 614 candida
1064 558 1098 617 in

59 649 110 687 usu
120 650 296 705 sacrorum3
314 641 343 689 et
353 633 440 690 cincti
451 644 579 712 tempora
587 631 718 706 verbena,
731 632 764 691 id
775 647 828 711 est,
837 635 934 698 herba
947 662 1041 702 sacra.
1052 647 1097 706 De

59 713 102 774 bis
112 718 382 778 omnibus'iterum
395 718 465 776 vide
478 738 541 776 var.
555 716 623 778 lect.
639 732 668 778 et
682 735 746 779 not.
759 722 822 781 vol.
837 723 889 799 lV,
904 749 934 807 p.
950 729 1017 790 310.

13 809 14 828 ¹
97 815 158 865 121.
173 809 323 867 Numerat
335 806 437 890 primo
450 809 589 888 agmina,
603 808 716 868 deinde
727 810 835 871 duees:
851 832 923 895 ergo
936 819 1098 902 Ausoniis,

59 891 87 948 id
102 906 159 966 est,
172 892 315 966 Rutulis,
328 915 500 973 eorumque
510 894 627 974 legioni
640 898 773 978 opponit
780 898 965 979 Trojanuuo,
979 927 1014 966 ac
1027 911 1099 992 Tyr-

59 977 187 1038 rhenum
208 983 389 1040 exercitum.
412 979 520 1038 Rutuli
539 980 679 1041 fundunt
700 1005 731 1042 se
750 989 898 1065 eportis3
923 992 1051 1071 Trojani
1071 1010 1106 1056 et

58 1065 206 1146 Tyrrheni
220 1079 316 1125 ruunt
332 1087 348 1125 e
366 1069 489 1142 castris,
512 1079 542 1126 et
561 1089 667 1128 omnes
682 1074 807 1146 armati,
828 1075 874 1131 uti
892 1075 930 1133 ad
945 1099 1099 1160 pugnam,

59 1165 86 1210 et
97 1155 188 1212 variis
201 1157 292 1213 armis
305 1155 421 1236 erario
434 1155 574 1234 gentium
587 1159 647 1214 ritu
660 1179 666 1214 :
681 1171 753 1216 suut
763 1156 858 1238 pilata
868 1165 1003 1242 agmina,
1024 1187 1099 1227 con.

58 1239 145 1315 ferta,
165 1239 350 1300 addensata:
373 1241 545 1322 prudenter
564 1256 705 1302 tacentur
726 1244 872 1320 Arcades}
894 1269 978 1308 nam¹
992 1273 1100 1314 eorum

60 1328 117 1388 dux
129 1329 230 1389 Pallas
241 1329 306 1408 jam
321 1330 491 1390 ceciderat:
506 1333 614 1390 omnia
628 1333 711 1392 videt
723 1333 886 1414 Virgilius!
924 1405 929 1410 .

99 1417 162 1477 125.
173 1418 349 1498 Sequuntur
359 1417 464 1493 duces,
478 1421 529 1499 qui
545 1421 680 1499 insignes
691 1442 766 1482 auro
778 1435 807 1480 et
817 1443 972 1504 purpura:
985 1441 1014 1487 et
1025 1433 1099 1510 quia

59 1506 185 1582 dixerat,
205 1510 307 1567 Troius
318 1511 469 1582 exereitus,
483 1521 511 1566 et
527 1507 691 1590 Tyrrhenus
695 1535 706 1583 ;
718 1531 775 1590 pro
788 1511 929 1592 Trojanis
941 1526 985 1574 est
996 1517 1099 1578 Mnes-

59 1593 155 1668 theus;
178 1615 236 1676 pro
249 1595 415 1678 Tyrrhenis
430 1595 550 1678 Asylas;
570 1607 627 1678 pro
642 1597 766 1658 Rutulis
781 1619 854 1658 vero
869 1603 1045 1684 Messapus:
1068 1621 1099 1666 et

60 1706 161 1761 versus
171 1686 303 1767 Messapi
314 1688 486 1768 opponitur
496 1689 663 1768 superiori;
676 1689 762 1769 quasi
774 1688 871 1749 dicat:
883 1695 909 1749 si
919 1693 1099 1756 Mnestheus
1133 1761 1139 1770 ,

60 1793 91 1831 ex
105 1794 215 1854 genere
227 1775 381 1849 Assaraci,
399 1775 559 1856 Messapus
575 1773 676 1856 proles
691 1779 863 1858 Neptunia:
882 1779 906 1836 si
919 1779 1024 1862 Asylas
1037 1783 1099 1844 for-

59 1863 108 1935 tis,
119 1863 278 1944 Messapus
291 1867 407 1944 equum
419 1863 567 1924 domitor.

97 1971 161 2029 ¹29·
170 1951 303 2010 Habitus
312 1953 520 2033 spectantium
528 1951 750 2030 militumpnon
757 1957 981 2036 pugnantium
992 1951 1101 2022 delixae
1111 2027 1114 2032 ¹

60 2038 163 2114 hastae3
179 2039 334 2101 acclinata
349 2058 442 2102 scuta.

98 2130 162 2188 131.
182 2132 253 2189 Jam
270 2151 344 2190 vero
361 2129 488 2192 inutiles
503 2129 586 2192 bello
601 2132 740 2208 feminae,
759 2132 887 2214 vulgus,
907 2155 993 2195 senes
1008 2159 1098 2198 occu·
1130 2199 1132 2201 .

59 2234 130 2298 pant
142 2219 181 2278 ad
197 2221 402 2301 spectandum
416 2235 514 2281 turres
530 2234 705 2299 mutorum,
718 2235 796 2282 tecta
811 2222 992 2303 domorum,
1014 2227 1098 2287 fasti-

59 2308 105 2386 gia
117 2321 278 2388 portarum
292 2331 298 2367 :
311 2312 463 2370 concinne
476 2311 592 2370 omnia.

96 2396 160 2473 ¹34¹·
180 2399 304 2478 Ubique
318 2402 401 2460 Juno
416 2422 432 2459 a
452 2415 547 2483 poeta
560 2399 727 2460 adhibetur
738 2420 848 2458 curans
862 2417 910 2459 res
925 2403 1040 2460 Turni:
1064 2423 1098 2464 ac

59 2507 136 2548 nunc
146 2487 282 2569 proinde
292 2510 327 2548 ex
336 2480 462 2564 vertice,
473 2513 547 2551 nam
556 2489 617 2551 hoc
627 2504 685 2566 est,
695 2511 731 2548 ex
740 2509 853 2549 summo
863 2488 975 2550 tumulo
985 2489 1098 2550 Albani

59 2577 167 2635 montis
177 2574 378 2658 adspectabat
386 2591 580 2661 compriment
591 2581 624 2638 in
635 2599 747 2662 campo
757 2576 858 2637 ambus
867 2581 952 2654 acies,
963 2591 993 2638 et
1001 2581 1099 2640 Latini

13 2813 14 2834 g
58 2776 80 2816 et
90 2765 145 2837 igni
156 2763 355 2830 interdicimus,
368 2764 397 2817 id
407 2779 460 2832 est,
473 2758 552 2818 rebus
599 2767 665 2829 rint,
676 2777 702 2818 et
712 2778 806 2836 postea
819 2783 845 2816 se
856 2766 883 2817 in
893 2765 954 2816 loca
964 2768 1100 2836 apertiora

13 3181 15 3290 l

58 2844 149 2912 quihus
169 2845 307 2896 consortia
325 2845 498 2915 copulantur3
519 2844 554 2896 ad
599 2841 1047 2913 diflunderc.Aliipt'latumaqmen
1059 2843 1099 2893 di·
1169 2911 1171 2920 Ι

56 2921 107 2975 haec
118 2937 210 2976 autem
221 2943 292 2995 aqua
301 2925 335 2978 de
346 2927 423 2978 certis
434 2926 553 2978 fontibus

54 3006 105 3074 peti
117 3005 197 3056 solet.
207 3005 277 3056 Sero.

90 3101 147 3135 121.
160 3084 241 3156 legio
253 3082 424 3135 Ausonidum.
437 3085 488 3134 Pro
500 3082 554 3134 Au-

55 3164 216 3228 rmidurum,
230 3162 303 3233 quod
312 3165 383 3215 venit
395 3163 428 3216 ab
437 3169 471 3214 eo'
481 3161 554 3232 quod

54 3254 91 3292 est
100 3243 142 3294 hie
151 3242 301 3318 Auegnidu,
313 3244 381 3294 siout
393 3243 435 3294 hic
444 3243 552 3314 auriga:

55 3339 113 3371 narn
122 3321 237 3373 Ausonis
246 3323 349 3393 generis
357 3323 489 3372 foeminini
498 3333 537 3372 est
547 3341 552 3370 :

55 3399 123 3450 unde
130 3399 298 3452 Ausonidum
306 3399 384 3466 facit,
393 3399 466 3470 quod
476 3413 505 3451 ut
515 3399 554 3450 di-

56 3491 139 3544 ceret,
156 3479 235 3530 metri
252 3492 292 3528 est
308 3481 465 3531 necessitate
482 3498 555 3530 com-

56 3557 154 3626 pulsus.
164 3556 298 3608 -Ptlata
311 3559 426 3630 agmina.
441 3559 498 3608 Hoc
516 3569 555 3608 est

57 3637 114 3704 pilis
126 3651 245 3690 armata:
262 3637 371 3708 quidam
380 3636 433 3689 hoc
443 3639 503 3689 loco
514 3639 555 3708 pt-

58 3717 108 3767 luta
124 3719 234 3792 agmina
250 3735 305 3768 non
323 3736 338 3768 a
354 3737 450 3788 genere
462 3717 555 3769 hasta-

600 2935 676 2987 cunt‚
697 2921 770 2992 quod
787 2923 814 2972 in
833 2919 999 2991 longitudine
1014 2920 1098 2973 direc-

599 3001 1098 3073 tumen,qualesoletesse‚quumpor-
1133 3055 1134 3058 Ἴ

600 3085 631 3134 tis
644 3080 781 3154 procedit:
797 3081 839 3134 vel
851 3089 921 3132 certe
931 3075 1031 3147 pilata,
1046 3079 1097 3132 fixa

599 3176 625 3213 et
639 3162 758 3224 stabilia;
773 3162 815 3213 vel
828 3179 843 3210 a
853 3156 924 3228 pito,
941 3156 1013 3226 quod
1028 3155 1098 3234 figit,

598 3240 640 3292 vel
655 3259 670 3292 a
681 3241 738 3312 pila
751 3236 864 3300 striculi,
885 3253 943 3304 quae
955 3233 1006 3288 fixa
1018 3250 1057 3288 est
1072 3255 1098 3292 et

598 3332 700 3380 manet;
710 3328 808 3368 namet
820 3314 905 3365 Graeci
914 3329 956 3364 res
966 3313 1061 3370 densas
1071 3330 1098 3372 et

600 3410 686 3451 arctas
700 3391 788 3446 madia
800 3393 900 3444 dicunt.
913 3394 982 3444 Serv.
1030 3429 1032 3434 -

638 3476 694 3541 134.
707 3476 786 3526 Nunc
794 3471 910 3524 Albanus
920 3472 1032 3527 habetur.
1047 3478 1096 3531 Ca-

600 3550 1097 3622 tonemsequitur‚quiAlbanummon.
1134 3606 1137 3614 ,

600 3647 667 3696 tem,
681 3631 715 3683 ab
726 3629 793 3681 Alba
806 3629 884 3702 lonqa
896 3642 974 3701 putat
988 3631 1096 3690 dictum.

601 3711 718 3762 -Tum
737 3725 819 3782 neque
839 3727 933 3760 nomeu
956 3721 1017 3762 erat.
1040 3717 1098 3770 Hoc

601 3791 663 3844 ideo
672 3791 722 3854 ait,
734 3791 797 3858 quia
805 3790 832 3839 in
841 3787 946 3842 Albano
956 3807 998 3840 res
1008 3790 1100 3850 divina

32 3856 39 3872 ι
57 3815 112 3848 rum
120 3801 240 3869 positum
248 3795 390 3849 adserunt:
404 3817 464 3850 nam
473 3789 556 3868 paulo

57 3890 114 3944 post
136 3877 239 3928 dictum
257 3877 391 3941 inferunt,
414 3877 558 3948 «Defigunt
603 3893 619 3924 a
636 3875 695 3941 jure
713 3868 939 3940 triumphantibus
958 3868 1015 3924 fieri
1031 3873 1100 3928 sole.

59 3955 149 4008 tellure
158 3956 250 4008 hastas
261 3979 272 4003 n
282 3947 290 4006 ¹:
300 3955 449 4026 sedpilato,
460 3955 556 4020 densa,
601 3954 661 4016 bat;
675 3950 775 4003 seilicet
788 3950 861 4022 quod
869 3950 938 4002 Alba
949 3955 1036 4021 patria
1047 3975 1100 4026 po-

59 4036 156 4102 spissa,
177 4049 207 4086 ut
224 4034 335 4106 implere
352 4041 444 4105 portas
463 4049 557 4106 potue·
602 4033 659 4104 puli
670 4033 784 4085 Romani
795 4031 923 4084 habetur:
934 4030 1098 4088 undeomnie

129 4139 154 4189 7·
421 4176 423 4182 .
924 4116 956 4181 ¹4
