2654 4590
249 298 270 362 6
580 291 962 360 COMMENTARIA

248 441 322 480 nam
342 419 516 480 admiratur
535 417 613 490 tria,
636 412 782 476 videlicet
797 427 924 496 repente
941 416 1136 479 serenitatem
1153 432 1314 479 secutan

249 505 503 570 evanescentibus
515 501 671 577 nubibus,
685 505 717 562 in
731 521 861 582 quarum
875 505 1024 564 comitatu
1036 510 1216 567 necessario
1230 510 1313 568 Iris

248 595 359 660 deinde
369 594 490 654 hiatum
500 595 533 652 in
544 592 621 656 caelo
630 636 639 667 ‚
649 611 711 671 quo
723 604 845 674 recepta
857 589 929 666 lris3
944 595 1052 669 tertio,
1066 610 1161 674 vagao
1174 591 1314 654 discur

248 699 411 766 cautesque
430 679 545 742 stellas.
568 679 615 739 Ab
631 693 678 739 tot
693 678 845 761 prodigiis
865 683 1004 762 erumpit
1022 683 1055 744 in
1073 680 1171 757 illud,
1195 703 1312 764 sequo

248 776 347 836 omina
361 784 457 848 tanto,
473 771 608 854 Quisquis
620 771 651 828 in
662 789 747 828 armo
757 789 843 828 vocus
850 791 861 839 ,-
877 767 910 826 id
922 783 983 846 est,
998 789 1111 853 sequor
1123 773 1243 832 omina
1257 818 1270 848 ,
1292 791 1314 832 e

247 862 348 923 Deum
362 859 470 936 illum,
485 861 675 942 quicumque
687 856 726 916 ad
739 877 788 919 me
800 859 875 918 lrim
888 859 984 920 misit.
1003 862 1086 941 Lego
1097 881 1216 945 sequor,
1234 879 1314 920 ma

246 948 315 1028 jore
328 946 443 1014 affectu
457 968 550 1032 quarn
561 967 673 1028 sequar.

287 1059 335 1099 22.
354 1040 467 1100 Haurit
478 1057 610 1120 aquam,
633 1049 664 1096 ct
680 1057 791 1096 manus
805 1034 905 1113 lavat,
924 1050 960 1097 ut
973 1039 1083 1120 purior
1096 1040 1137 1098 sit
1151 1057 1189 1098 ex
1210 1059 1314 1099 mort

232 1191 234 1194 ,
246 1130 384 1212 precatio
396 1151 402 1188 :
413 1149 485 1188 mox
492 1131 590 1206 Deos,
601 1139 632 1187 et
641 1125 749 1192 multis
758 1125 884 1209 quidem
893 1142 977 1202 ora13
988 1147 1046 1188 nec
1058 1149 1122 1188 uno
1131 1142 1314 1189 setantun

247 1231 339 1293 voto,
354 1220 407 1279 sed
419 1203 527 1278 inultis
539 1217 663 1298 alligat3
679 1216 749 1280 ideo
762 1230 878 1292 onerat,
892 1219 982 1300 quasi
992 1217 1151 1306 duplicet,
1165 1232 1201 1278 et
1211 1239 1314 1301 repo

247 1318 292 1368 tat
304 1308 412 1368 eadem
425 1311 537 1390 supina
550 1321 634 1368 vota.
714 1323 721 1336 ·

286 1393 334 1454 25.
350 1393 430 1456 Vide
439 1395 700 1480 praecipitantium
713 1416 720 1461 ;
735 1395 786 1454 vix
796 1396 920 1460 Turnus
930 1395 1067 1473 dixerat,
1081 1399 1314 1479 sequor-omine

246 1497 345 1557 πωπω·
357 1499 387 1550 et
394 1483 459 1567 jam
470 1488 494 1545 it
503 1487 653 1547 exercitus
662 1531 671 1561 ,
681 1484 772 1564 cujus
782 1484 969 1566 elegantiam
979 1484 1129 1546 describit
1139 1486 1179 1544 ab
1192 1488 1305 1567 equis

158 1583 161 1604 ¹
246 1573 300 1652 qni
313 1575 522 1650 minorasti,
541 1577 655 1636 etcum
667 1576 789 1660 magnis
802 1575 939 1652 divitiis;
956 1597 973 1636 a
986 1574 1124 1638 vestibus
1137 1573 1301 1640 militum

245 1680 315 1743 quae
329 1666 437 1744 pictae,
452 1679 483 1730 ct
498 1667 602 1725 mixtae
619 1685 706 1724 auro.

285 1773 333 1833 27.
354 1753 513 1819 Describit
529 1753 671 1824 ordinem
686 1755 788 1816 euntis
807 1757 976 1830 exercitus,
997 1755 1047 1820 cui
1069 1773 1134 1812 non
1156 1753 1314 1834 assignat

244 1859 342 1898 cornu
352 1840 513 1918 dextrum,
526 1857 580 1902 aut
589 1846 764 1912 sinistrum,
780 1845 853 1924 quia
865 1864 930 1910 non
941 1844 1044 1902 ibatur
1055 1840 1232 1924 explicato,
1251 1858 1314 1900 aut

244 1943 390 2010 porrecto
415 1913 557 2013 ligurine,
583 1932 634 1993 sed
658 1932 875 2014 conglobatim
901 1931 1059 2007 coniert03
1089 1953 1163 1991 narn
1188 1945 1314 2012 postca

244 2019 374 2094 Caicus;
385 2022 456 2104 Quis
465 2020 582 2104 uiolata,
598 2025 714 2095 ocioes,
730 2037 787 2083 etc.
803 2026 901 2104 Igitur
911 2025 942 2080 in
954 2022 1015 2081 boc
1026 2022 1122 2102 globo
1131 2019 1314 2101 Messapus

243 2109 362 2193 primas
371 2112 450 2170 acies
458 2109 1003 2194 coercebat,postremasTyrrbidae3
1014 2113 1045 2169 in
1056 2109 1314 2189 medioagminc

244 2211 311 2256 erat
328 2200 470 2275 Turnus,
492 2221 621 2281 procera
641 2205 782 2282 corporis
802 2213 920 2264 statura
939 2201 1143 2282 conspicuus:
1165 2200 1314 2272 uertitur,

244 2289 307 2369 agit
319 2307 367 2363 se,
380 2303 411 2349 et
422 2303 507 2350 rotat
518 2291 657 2349 furenter
669 2290 709 2352 ad
722 2289 851 2348 bellurn.

284 2376 333 2436 3ο.
347 2379 518 2460 Comparat
529 2393 651 2439 euntem
667 2381 834 2439 exercitum
848 2379 969 2460 Gangi‚
989 2389 1042 2439 aut
1053 2377 1142 2452 Nilo,
1157 2375 1198 2435 ad
1212 2377 1313 2439 indi-

242 2464 375 2524 candam
385 2479 454 2528 tum
463 2465 656 2549 majestatem
666 2470 768 2531 euntis
780 2461 930 2549 agminis,
944 2482 1011 2527 turn
1022 2467 1202 2529 silentium:
1222 2464 1313 2528 ideo

280 2659 321 2710 23.
342 2657 437 2710 Haurit
461 2659 588 2732 lymphas.
615 2661 743 2714 Solebant
787 2663 891 2716 Morem
909 2666 1014 2737 attingit
1033 2661 1133 2713 militiae
1149 2661 1313 2728 Romanae,

242 2737 356 2788 Romani
369 2749 430 2789 ante
442 2737 513 2790 bella
528 2753 592 2795 vota
604 2759 743 2814 nuncupa·
789 2763 842 2814 quo
855 2745 908 2802 dux
923 2747 950 2796 iu
965 2743 1055 2796 media
1069 2743 1140 2807 acie,
1155 2743 1288 2796 austere
1303 2767 1311 2796 ε

242 2835 286 2880 re,
297 2828 322 2866 et
331 2816 358 2866 in
366 2818 566 2886 nuncupatione
574 2835 602 2871 se
611 2837 681 2890 aqua
691 2839 743 2892 pu·
787 2824 869 2874 immo
887 2825 1004 2875 omniurn
1018 2825 1150 2895 gentium,
1167 2833 1197 2871 ut
1216 2821 1312 2892 liqui-

242 2893 361 2948 rilicare:
374 2895 491 2948 Turucb.
505 2898 587 2964 XXV,
597 2900 639 2950 30.
789 2901 852 2952 dum
863 2921 895 2964 ea
905 2902 1030 2956 omnibus
1041 2902 1169 2954 historiis.
1183 2901 1286 2952 Cerda.

277 2976 319 3028 26.
332 2976 411 3044 Dives
418 2996 522 3049 equum.
536 2979 585 3031 Per
596 2981 742 3050 genitivum
822 2982 865 3035 30.
878 2982 979 3052 Septem
994 2981 1125 3044 amitibus,
1139 2977 1168 3028 id
1183 2990 1244 3044 est,
1261 2980 1311 3032 al-

240 3055 406 3126 frequentius
435 3059 535 3110 utimur
566 3058 618 3110 hac
642 3059 741 3132 ligura,
785 3062 855 3126 veis,
876 3074 906 3112 ut
921 3060 978 3112 vult
994 3060 1119 3113 Servius:
1141 3057 1190 3109 sed
1208 3077 1310 3129 quum

241 3153 321 3206 quam
334 3155 382 3206 per
395 3135 675 3192 ablativum—Dives
684 3143 742 3212 pic·
785 3151 894 3210 putetur
912 3141 1021 3191 unicum
1043 3138 1142 3210 Gangis
1166 3153 1227 3188 esse
1256 3155 1310 3189 os-

241 3214 279 3264 ἰαί
286 3215 461 3268 vestiretuuri.
473 3219 558 3269 Locus
567 3237 598 3271 er
606 3219 657 3271 illis
667 3234 742 3290 quat·
786 3220 866 3286 tium,
886 3219 931 3272 alii
951 3219 983 3270 do
1001 3230 1103 3288 septem
1119 3213 1307 3284 fluminibus,

240 3306 316 3357 tuor,
333 3295 361 3344 in
379 3295 474 3364 quibus
489 3315 520 3348 aa
534 3297 643 3351 Diaresi
657 3301 742 3372 Virgi·
787 3301 880 3368 quaein
890 3295 1305 3369 sereclperevoluotGangem‚

240 3372 292 3431 lius
300 3374 333 3424 sit
342 3391 414 3440 usus,
424 3387 454 3425 ut
462 3389 536 3428 notat
544 3379 645 3431 Probus
655 3402 661 3430 ε
670 3379 741 3433 bane
785 3378 945 3450 intelligunt.
954 3377 1022 3430 Vide
1030 3377 1179 3430 etPlioium
1187 3376 1237 3441 Vl,
1255 3378 1304 3430 18.

241 3452 400 3504 solutionem
414 3455 502 3507 ferunt
515 3459 711 3530 inscriptiones.
785 3456 881 3510 Strabo
893 3459 940 3510 lib.
954 3459 1013 3510 xv,
1025 3462 1142 3535 Gangem
1154 3457 1192 3507 cit
1205 3459 1305 3508 maxi-

275 3533 317 3585 28.
346 3531 480 3602 Tyrrhidae
493 3539 610 3608 juvenes.
642 3533 739 3613 Tyrrhi
784 3535 1215 3590 numesaeonaniumlluviorum:
1230 3554 1305 3606 pro-

238 3610 463 3684 mentiolitsupra
473 3617 597 3668 AEn.vl1:
608 3618 673 3671 inde
681 3622 738 3690 ejus
783 3618 882 3668 nimum
899 3615 933 3669 ab
948 3634 980 3668 eo
995 3615 1110 3667 Imm.-
1125 3615 1240 3666 tertium
1255 3617 1303 3668 Is-

238 3689 284 3744 filii
296 3691 339 3743 bic
352 3709 539 3761 numerantur,
552 3709 581 3748 ut
594 3716 660 3768 quos
672 3715 739 3772 pro·
783 3707 872 3748 bum:
898 3709 1025 3767 quartum
1045 3695 1162 3748 Nilum:
1191 3694 1300 3748 Cicero

236 3771 297 3840 pius
306 3771 395 3823 clades
403 3776 504 3846 attigit:
515 3775 610 3828 volunt
618 3781 688 3832 enim
698 3779 738 3830 ul-
783 3787 871 3827 tamen
883 3776 981 3830 Indum
992 3774 1112 3846 appellat
1122 3775 1181 3828 siue
1194 3795 1300 3848 excep·

159 3871 162 3880 =
238 3849 303 3900 cinci
314 3850 459 3904 fraternam
469 3853 568 3906 caedem
577 3875 583 3904 ι
593 3873 655 3908 uam
665 3859 692 3914 in
703 3873 736 3910 eo
781 3855 854 3910 tione
860 3857 977 3906 omnium
984 3853 1294 3908 llumnrummaximum.

237 3927 359 3998 praeliolo
376 3931 473 3982 cecidit
490 3931 587 3984 Almon
607 3939 735 3989 maxintua
782 3933 863 3986 Taua:
876 3963 910 3974 —
923 3934 1103 3984 Conferantur
1111 3947 1181 3986 nota
1191 3932 1227 3986 dc
1239 3935 1293 3988 illo

238 4017 361 4061 natorum
371 4009 475 4078 Tyrrhi.
483 4040 517 4051 -
525 4012 613 4066 Medio
622 4015 734 4085 agmine.
779 4012 850 4075 loco,
858 4013 911 4067 vol.
923 4015 968 4081 lv,
977 4031 1040 4088 pag.
1051 4012 1075 4066 5.
