2726 4592
487 274 694 343 LAUDES.

244 396 337 450 Dulcis
349 399 487 470 Virgilius,
500 399 593 451 Latina
606 401 693 464 Siren,

245 479 350 549 Duplex
361 479 523 545 Moeonides,
536 480 631 550 triplex
642 479 753 550 Apollo,
841 546 843 549 ι

245 559 320 610 Unus
334 561 437 623 omnia,
450 578 508 629 quae
521 559 641 611 ambiunt
652 574 745 630 poetae.

246 641 270 691 Ο
282 641 382 712 Cycne!
396 659 412 690 ο
424 639 582 691 Philomela!
595 659 642 692 ver
653 641 789 708 Latinum,

243 718 297 769 Mel
310 739 412 770 merum
424 719 505 784 Latii,
517 721 617 771 Latinae
629 719 755 772 Athenae:

244 795 270 846 Ο
280 810 428 848 monstrum
439 799 504 848 vitio
518 802 626 850 carens!
639 799 704 868 quid
716 801 795 870 ergo?

245 877 269 926 0
282 877 372 928 caelum
385 879 442 930 sine
454 878 539 930 nube!
552 878 597 929 lux
609 897 716 941 serena;

243 956 268 1006 Ο
280 970 392 1026 pontum
404 960 461 1010 sine
473 958 596 1010 fluctibus
609 959 786 1031 profundum!
804 1001 805 1004 ,

243 1036 312 1089 Men‘
325 1051 413 1089 tecum
425 1039 523 1104 trahis,
536 1041 699 1110 inritamque
711 1051 826 1091 mentem

244 1117 336 1188 Ignoto
350 1120 491 1170 attonitam
502 1121 574 1190 rapis
587 1120 690 1172 lurore!

215 1189 218 1204 ’
242 1196 267 1248 Ο
279 1199 301 1248 si
314 1200 341 1249 in
354 1211 379 1250 te
391 1202 497 1270 penitus
509 1203 610 1272 migro,
623 1203 728 1271 meique

242 1275 307 1326 Tuis
319 1279 423 1329 nescius
436 1281 539 1330 inseror
550 1279 686 1330 medullis!

241 1356 295 1406 Cur
307 1358 354 1410 abs
366 1371 393 1410 te
405 1359 512 1411 doleam
524 1379 565 1412 me
579 1349 671 1411 ¹abesse
684 1371 802 1424 tantum,

244 1437 379 1504 Quantum
391 1441 493 1492 frustra
504 1441 548 1491 alii
560 1459 644 1512 prope
656 1458 713 1492 esse
726 1439 854 1492 credunt?

56 1535 150 1611 Quid
166 1537 364 1600 Politianus?
377 1543 448 1604 vide
464 1557 499 1605 ut
514 1544 697 1626 politissime
714 1544 752 1604 de
770 1545 920 1604 suavitate
935 1545 1120 1605 Maroniani:

67 1628 215 1686 carminis
228 1630 261 1688 in
273 1619 398 1692 Manto:

338 1717 340 1721 ’
474 1715 524 1766 cui
536 1713 609 1765 dulci
621 1732 726 1784 semper
739 1713 772 1764 ah
786 1732 831 1766 ore

172 1790 252 1842 Rosci
272 1785 379 1846 'amella
389 1793 489 1860 fluunt,
503 1799 632 1866 cujusque
644 1794 774 1846 Acheloia
786 1796 861 1847 Siren

172 1869 245 1922 Gesti
285 1873 401 1926 innocuo
414 1875 505 1927 divina
517 1888 643 1946 poemata
655 1883 739 1927 cantu'

172 1947 306 2017 Flectere,
319 1955 363 2004 cui
374 1953 481 2004 blandis
493 1953 585 2006 insidit
597 1953 685 2006 Suada
696 1951 808 2006 labellis.

67 2039 105 2098 Et
117 2040 286 2130 interjectis
301 2045 386 2122 aliis,

171 2159 197 2210 Ο
208 2173 299 2212 vatum
311 2164 430 2234 pretiosa
443 2165 531 2235 quies!
546 2185 561 2215 ο
574 2163 672 2236 gaudia
685 2164 748 2216 solis

170 2237 281 2290 Nota'
254 2241 320 2310 pris,
333 2239 418 2292 duleis
430 2244 540 2308 furor,
533 2255 689 2334 incorrupta
700 2243 840 2312 voluptas,

172 2318 373 2398 Ambrosiaeque
386 2323 470 2375 Deum
483 2327 591 2374 mensae!
606 2325 665 2393 quis
678 2322 743 2373 talia
755 2340 865 2374 cernens

173 2381 290 2469 Regibus
302 2400 436 2453 invideat?
447 2401 554 2453 mollem
567 2400 616 2450 tibi
627 2417 737 2471 prorsus
749 2399 848 2452 habeto

172 2475 278 2530 Vestem
286 2498 416 2546 ,aurum,
428 2497 564 2552 gemmas·
557 2491 682 2531 .tantum
693 2477 756 2529 hine
768 2477 863 2548 procul
877 2490 933 2529 esto
947 2478 1098 2550 malignum

172 2556 291 2630 Vulgus·
286 2559 340 2612 ·ad
351 2560 408 2612 hsec
420 2560 497 2612 multi
509 2571 684 2631 perrumpant
696 2577 772 2611 saera
783 2560 899 2630 profani

64 2660 216 2718 susan:
208 2683 241 2722 m
260 2663 359 2747 Ectyl.
381 2663 502 2726 dulcedo
520 2667 673 2739 Maronis,
693 2663 780 2723 dixit.
802 2663 848 2723 Ad
868 2683 962 2744 quam
983 2661 1121 2741 respexit·

63 2747 110 2804 M.
122 2747 277 2811 Antonius
287 2754 461 2829 Cassnova,
474 2774 571 2834 quum
585 2751 716 2834 loquens
731 2751 769 2812 de
777 2747 926 2832 Virgilio,
940 2767 1120 2810 sermonem

63 2837 177 2920 dirigit
190 2840 229 2899 ad
242 2843 358 2920 olores,
369 2844 564 2905 suavissimas
579 2845 684 2903 avium
696 2864 733 2903 ex
744 2842 829 2924 vulgi
844 2842 1008 2923 opinione:

175 2958 275 3027 Dicite,
289 2965 335 3032 qui
347 2963 429 3015 Minci
442 2965 514 3036 ripas
527 2964 646 3017 coluistis
660 2965 761 3029 olores,

207 3037 315 3093 Mortua
326 3042 464 3093 vobiscum
477 3055 517 3094 est
528 3043 614 3114 gloria
624 3043 745 3115 Virgilii?
834 3099 835 3103 Ἰ

173 3115 223 3166 Dic
234 3117 299 3169 mihi
311 3119 479 3190 Parthenope
491 3141 497 3170 ι
511 3123 549 3172 sic
561 3123 597 3172 sis
609 3121 790 3192 pulcherrima
802 3135 921 3188 semper,
946 3150 948 3156 .

206 3197 366 3270 Virgiliusne
378 3214 426 3253 tuo
439 3201 556 3252 concidit
569 3203 597 3253 in
609 3203 729 3273 gremio?

171 3275 205 3327 Et
216 3281 328 3348 meruit,
340 3283 384 3334 cui
396 3284 544 3354 contigerat
557 3284 631 3334 nasci
643 3285 713 3334 inter
725 3281 828 3344 olores,

207 3361 281 3414 Inter
291 3361 467 3435 Sirenumque
480 3363 638 3416 occubuisse
651 3363 756 3416 choros.

434 3651 633 3728 CAPUT
662 3651 740 3724 111.

337 3823 342 3832 ·
365 3817 593 3878 unvanus
614 3815 813 3906 larinus.-

104 3949 243 4012 Aosouvr
258 3951 321 4030 tria
336 3949 496 4016 honorum
514 3977 641 4038 genera,
653 3975 723 4039 quae
739 3950 816 4016 mihi
831 3950 872 4012 ds
885 3948 946 4012 hoe
960 3963 1116 4032 vatepro-
