2726 4592
204 271 265 337 332
377 278 493 342 VITA
515 279 550 342 P.
575 225 807 340 lllRGlLll
831 276 1065 345 MARONIS

308 398 413 474 Ergone
424 404 554 474 supremis
566 403 655 473 potnit
666 419 717 452 vox
729 401 853 471 improba
863 401 967 468 verbis,

238 543 241 548 ,
310 481 375 532 Tam
388 483 478 538 dirum
488 483 615 554 mandare
628 484 716 548 nefas,
729 495 779 535 etc.

1341 563 1345 586 l

244 623 353 687 Fuisse
367 629 502 690 traditur
514 644 630 690 statura
643 630 769 711 grandi,
782 631 924 712 aquilino
937 631 1054 706 colore,
1066 632 1149 692 faeie
1161 633 1254 690 rusti·
1344 695 1345 726 ,

207 733 299 790 cana,
312 717 490 781 valetudine
500 723 600 794 varia,
615 742 713 802 quum
723 721 907 803 plerumque
917 720 1090 799 stomacho,
1102 719 1251 782 faucibus

206 820 243 859 ac
258 800 367 864 dolore
377 809 487 888 capitis
500 807 671 884 laboraret,
685 809 868 888 sanguinem
882 810 974 868 etiarn
986 811 1098 890 saepius
1111 809 1253 889 ejiceret3

206 889 270 950 cibi
290 894 416 976 vinique
432 899 642 978 parcissimus.
660 896 801 957 Possedit
816 895 880 956 fere
898 899 1010 958 centies
1027 899 1201 958 sestertium
1218 917 1256 954 ex

206 977 427 1062 largitionibus
444 989 631 1060 amicorum3
647 985 821 1068 habuitque
834 985 966 1048 domum
977 989 1083 1048 Romae
1097 989 1132 1046 in
1146 986 1258 1066 Esqui·
1344 1041 1345 1052 ἶ

207 1069 276 1146 liis,
293 1069 382 1152 juxta
400 1075 509 1138 hortos
523 1080 713 1152 Maecenatis‚
729 1097 921 1160 quamquam
934 1098 1054 1138 secessu
1072 1076 1255 1158 Campaniae

208 1157 384 1244 Siciliaeque
396 1165 570 1246 plurimum
583 1163 738 1226 utebatur.
809 1206 811 1214 »

248 1247 353 1328 Egisse
365 1273 490 1313 causam
503 1253 618 1314 dicitur
629 1253 724 1313 semel
737 1254 885 1329 omniun,
905 1272 1048 1312 sermone
1062 1250 1258 1311 tardissimus

211 1356 246 1394 ac
258 1357 346 1418 paene
358 1341 486 1403 indocto
499 1343 619 1402 similis.
632 1341 741 1402 Tradit
752 1342 795 1400 M.
806 1341 935 1416 Seneca,
948 1354 984 1400 ut
996 1341 1181 1400 Ciceronem
1194 1337 1257 1396 elo-

151 1461 155 1467 ·
213 1427 341 1502 quentia
355 1450 409 1488 sua
422 1432 455 1490 in
467 1430 658 1491 carminibus
670 1428 826 1503 destituit,
838 1429 882 1487 ita
893 1427 1026 1509 Virgilio
1038 1425 1126 1486 illam
1137 1425 1259 1506 ingenii

211 1510 389 1578 felicitatem
401 1521 435 1580 in
447 1523 590 1582 oratione
601 1518 703 1580 soluta
713 1518 858 1579 defuisse.

250 1604 351 1664 Tanta
369 1606 432 1668 fuit
447 1631 573 1672 morum
589 1609 743 1683 castitate,
765 1621 801 1668 ut
816 1605 948 1688 Neapoli
965 1583 1148 1666 Parthenias
1164 1603 1259 1683 vulgo
1344 1587 1345 1594 ἵ

213 1687 382 1768 diceretur;
395 1710 479 1756 tanta
491 1697 659 1770 modestia,
670 1710 705 1754 ut
715 1697 740 1756 si
750 1692 878 1776 quando
888 1697 1009 1768 Romae,
1023 1714 1086 1774 quo
1095 1714 1167 1752 raro
1178 1711 1261 1752 com-

214 1781 351 1857 meabat,
369 1785 519 1846 viseretur
535 1788 569 1846 in
587 1785 730 1868 publico,
752 1795 902 1844 sectantes
919 1795 1261 1861 commonstrantesque
1344 1789 1345 1792 ’

215 1887 246 1925 se
262 1868 508 1955 subterfugeret:
529 1896 586 1935 nec
605 1885 710 1934 tamen
727 1875 828 1934 caruit
841 1873 946 1933 fructu
962 1871 1079 1950 laudis,
1097 1891 1167 1954 quae
1186 1870 1262 1929 dum

215 1957 412 2038 repudiatur,
426 1964 614 2023 cumulatior
625 1962 726 2023 redire
737 1961 832 2022 solet:
849 1983 923 2021 nam
936 1961 1086 2044 populus,
1101 1959 1215 2020 auditis
1230 1960 1262 2016 in

215 2043 348 2109 Theatro
366 2053 491 2134 Virgilii
510 2053 664 2130 versibus,
686 2055 818 2114 surrexit
838 2053 1016 2128 universus,
1038 2065 1069 2111 et
1089 2073 1161 2111 eum
1183 2049 1262 2108 forte

217 2155 401 2215 praesentem
415 2159 664 2225 spectantemque
677 2145 720 2204 sie
730 2157 896 2203 veneratus
908 2155 965 2216 est,
979 2143 1069 2223 quasi
1078 2141 1263 2220 Augustum.

218 2220 324 2298 Quum
343 2229 470 2308 quidam
484 2253 589 2292 versus
601 2231 640 2290 ab
656 2252 693 2292 eo
707 2230 805 2291 factos
824 2231 883 2290 sibi
904 2229 1127 2312 adscriberent,
1149 2226 1182 2284 id
1199 2245 1262 2284 non

219 2313 315 2374 modo
330 2338 395 2378 non
412 2341 492 2402 aegre
508 2321 641 2398 ferebat,
658 2319 711 2382 sed
727 2343 782 2381 sua
799 2322 893 2380 etiam
905 2321 940 2380 in
951 2319 1019 2378 aliis
1031 2315 1154 2378 laudari
1168 2315 1264 2374 liben-

219 2404 337 2466 tissime
348 2410 540 2490 patiebatur:
554 2411 640 2494 quod
652 2433 751 2494 quum
764 2431 844 2492 saepe
854 2409 931 2470 alias
942 2423 1009 2470 tum
1019 2411 1051 2468 in
1062 2408 1123 2468 hoc
1133 2405 1265 2488 eleganti

220 2493 354 2559 disticho
369 2505 515 2586 contigit;
946 2500 948 2505 ’

326 2671 412 2726 Nocte
424 2675 493 2746 pluit
506 2689 574 2738 tota;
588 2677 702 2729 redeunt
714 2675 869 2747 spectacula
880 2695 976 2727 mane:

363 2753 483 2808 Divisum
495 2759 637 2828 imperium
649 2776 711 2810 cum
721 2758 787 2809 Jove
800 2755 887 2808 Caesar
898 2754 989 2807 habet.

263 2921 367 2996 Quum
383 2925 554 3008 aliquando
567 2928 706 2986 Ennium
718 2925 822 3004 legens
834 2923 1093 3002 interrogaretur,
1110 2919 1187 2999 quid
1204 2939 1267 2999 age·

223 3023 284 3085 ret,
299 3015 462 3095 respondit
474 3036 586 3076 aurum
599 3036 631 3076 se
644 3013 790 3093 colligere
804 3033 821 3071 e
835 3026 969 3072 stercore
982 3009 1086 3068 Ennii.
1100 3010 1268 3088 Benignus;

224 3099 327 3162 cultor
348 3108 491 3166 omnium
507 3107 668 3164 bonorum
691 3117 784 3183 atque
802 3100 1011 3172 eruditorum3
1029 3097 1067 3156 ab
1087 3096 1208 3156 invidia
1228 3098 1268 3155 sic

225 3187 360 3266 alienus,
372 3208 407 3252 ut
418 3197 440 3254 si
456 3193 532 3275 quid
543 3192 664 3252 erudite
673 3191 790 3250 dictum
803 3189 924 3249 audiret
936 3188 1078 3262 alteriue,
1088 3206 1155 3244 non
1167 3188 1268 3245 minus

227 3275 388 3354 gauderet,
402 3303 437 3338 ac
451 3283 475 3340 si
491 3301 581 3340 suum
595 3292 684 3352 esset3
698 3279 1062 3356 neminem'vituperare,
1077 3272 1207 3332 laudare
1220 3273 1270 3331 bo-

227 3381 301 3436 nos;
314 3384 350 3423 ea
362 3364 557 3428 humanitate
567 3388 645 3442 esse,
658 3379 694 3426 ut
705 3387 777 3426 eum
789 3386 882 3425 nemo
896 3367 956 3424 nisi
968 3383 1129 3444 perversus
1141 3364 1269 3420 maxime

134 3454 140 3471 “
228 3469 294 3508 non
306 3451 442 3530 {amaret}
464 3455 544 3515 nihil
560 3457 725 3537 proprium
744 3453 860 3512 habere
876 3451 1056 3522 videbatur3
1078 3447 1143 3529 ejus
1160 3447 1270 3508 Biblio-

229 3533 321 3596 theca
336 3559 402 3597 non
414 3543 518 3602 minus
530 3541 598 3603 aliis
613 3543 715 3603 doctis
729 3541 872 3624 patebat,
888 3561 982 3622 quarn
996 3537 1069 3612 sibi3
1085 3548 1116 3594 et
1128 3534 1206 3594 illud
1219 3537 1271 3594 Eu·

228 3627 337 3708 ripidis
359 3650 440 3712 saepe
462 3635 647 3715 usurpabat,
670 3634 849 3694 communia
872 3633 1045 3690 amicorum
1066 3647 1129 3688 esse
1151 3627 1270 3686 omnia:

230 3719 462 3798 itaquelpoetas
481 3742 589 3782 omnes
607 3722 742 3803 aequales
761 3721 820 3780 sihi
844 3721 887 3778 sic
908 3718 1073 3800 adjunctos
1094 3714 1222 3790 habuit,
1241 3727 1272 3773 ut

231 3823 328 3883 quum
343 3806 423 3864 inter
435 3825 466 3866 se
479 3809 651 3889 plurimum
663 3809 783 3868 invidia
795 3805 954 3882 arderent,
966 3826 1065 3867 unum
1079 3823 1190 3863 omnes
1202 3801 1274 3862 cole·

233 3906 318 3967 rent,
333 3895 459 3970 Varius,
474 3899 589 3973 Tucca,
604 3899 726 3975 Gallus,
741 3899 929 3980 Propertius.
945 3898 1013 3979 lpse
1027 3915 1100 3955 vero
1116 3893 1273 3964 Horatius,

234 3983 434 4062 ingeniorum
445 3983 576 4045 callidus
587 3986 775 4066 explorator,
786 3987 842 4046 etsi
854 4005 981 4068 poeseos
991 3981 1273 4044 admiratorunicus
