2726 4592
206 288 268 372 364
450 291 484 355 Ρ.
509 287 741 354 vrnatmr
765 287 997 354 Minonis

207 438 220 468 ιι
232 433 293 474 nec
304 425 394 496 poeta
408 413 519 488 modo,
534 412 585 472 sed
601 413 738 472 oratoria
751 412 863 470 virtute
877 411 1147 470 eminentissimus.
1158 436 1173 466 ιι
1190 413 1251 470 Ρο·

203 502 303 563 lirion.
319 505 352 562 in
366 503 474 563 Manto
489 503 542 562 dat
561 501 606 561 illi
626 497 769 561 mirucula
786 499 910 583 eloquii:
925 513 955 560 et
973 497 1105 574 Phocus,
1116 501 1250 584 flumina

205 588 354 650 Romuleae
366 589 473 672 ilnquoe
480 636 489 665 ,
503 611 539 650 eo
552 609 658 664 versu,

310 707 417 759 Maeonii
429 709 563 778 specimen
575 708 642 758 vatis
654 704 808 757 veneranda
819 691 958 756 Maronem

309 788 420 839 Mantua
432 788 565 840 Romuleae
577 788 713 860 generavit
724 785 833 836 llumina
845 785 949 856 linguae.

204 890 353 952 Abulens
371 893 404 952 in
416 895 593 954 Comment.
610 893 709 973 Epist.
724 890 909 970 Hieronymi
928 888 966 946 ad
979 887 1146 947 Paulinum
1161 901 1254 948 vocat

207 978 388 1060 Virgilium,
403 984 486 1040 totius
495 980 665 1062 eloquentiae
676 977 770 1037 deeras.
784 977 914 1036 Faciunt
924 973 962 1033 ad
971 977 1140 1034 oratoriam
1154 990 1254 1034 artem

206 1068 305 1126 multa
320 1068 381 1127 alia
396 1073 569 1150 praeconia,
584 1088 652 1150 quae
670 1089 773 1148 sparsa
792 1067 824 1124 in
840 1063 1015 1124 auctoribus
1030 1087 1037 1121 ι
1050 1077 1084 1122 ut
1099 1085 1170 1143 quae
1187 1065 1255 1122 Ma·

207 1155 291 1214 eroli.
302 1157 423 1236 scripsit
432 1155 487 1215 lib.
498 1157 537 1216 VI
548 1157 647 1215 Satur.
660 1154 698 1213 de
711 1153 832 1234 figuris,
844 1153 959 1233 quibus
970 1151 1118 1232 Virgilius
1130 1153 1254 1210 Latium

206 1242 419 1324 locupletavit,
433 1259 504 1304 ante
522 1247 621 1327 ipsum
638 1244 781 1302 indictis:
798 1241 914 1300 ibidem
933 1231 990 1300 ait:
1009 1265 1022 1294 ιι
1033 1255 1117 1299 vates
1132 1243 1189 1299 iste
1203 1261 1255 1299 ve-

207 1330 354 1390 nerahilis
368 1335 452 1391 varie
469 1332 565 1392 modo
580 1327 689 1405 verba,
706 1328 801 1389 modo
820 1350 925 1388 sensus
938 1327 1104 1408 figurando
1118 1327 1255 1386 multum

207 1420 297 1479 Iatioi
312 1421 426 1503 leporis
438 1421 557 1503 adjecit.
569 1447 582 1478 ιι
597 1423 699 1498 Quam
711 1420 876 1501 singularis
892 1419 1037 1497 magister
1048 1417 1143 1476 fuerit
1153 1417 1262 1497 virgi--

207 1506 268 1567 lius
288 1509 321 1567 in
340 1510 503 1571 movendis
524 1509 709 1583 affectibus,
731 1507 830 1568 disces
849 1529 884 1567 ex
903 1521 969 1566 toto
986 1507 1040 1566 lib.
1057 1509 1098 1565 IV
1112 1503 1254 1565 Macrob.

101 1605 105 1620 ¹
207 1593 289 1654 nihil
303 1599 388 1656 enim
400 1598 486 1658 eliud
499 1600 674 1680 exsequitur
686 1611 852 1680 perpetuus
865 1596 988 1676 Virgilii
1004 1595 1193 1654 admirator:
1208 1616 1255 1654 ea·

210 1683 280 1742 dem
294 1704 374 1767 saepe
384 1687 459 1746 Scal.
471 1686 713 1752 luculentissime
723 1698 856 1768 praestat.
870 1684 971 1744 Verba
981 1683 1095 1742 Vivesii
1107 1684 1141 1741 in
1152 1681 1255 1762 elogio

209 1773 384 1854 Virgiliano
404 1791 490 1836 sunt:
508 1802 522 1832 ιι
533 1775 608 1856 quid
623 1776 661 1834 de
678 1774 840 1835 movendis
855 1772 1019 1842 affectibus
1038 1767 1171 1852 loquar't‘
1186 1772 1256 1851 qui·

208 1859 266 1919 bus
281 1863 346 1940 ipse
362 1863 487 1922 interim
502 1865 689 1937 concitatur,
705 1861 806 1937 ardet,
823 1863 943 1944 rapitur
957 1858 1011 1918 illo
1026 1872 1190 1942 poetarum
1205 1858 1256 1918 lu-

209 1966 295 2019 rore3
316 1945 478 2025 fulminat,
497 1965 604 2025 tonat,
620 1963 656 2009 ut
676 1950 714 2008 de
732 1949 852 2009 Pericle
870 1946 992 2008 dicebat
1010 1947 1072 2006 ille.
1083 1973 1096 2002 ιι
1111 1947 1256 2022 Quantus

209 2036 373 2118 qualisque
383 2039 530 2121 Virgilius
549 2039 692 2099 fueritin
713 2061 746 2099 re
765 2040 967 2120 eloquentiae,
988 2039 1059 2098 satis
1078 2051 1210 2118 apparet
1222 2056 1257 2096 ex

211 2126 422 2204 Quintilium,
438 2132 491 2211 qui
507 2132 672 2212 saepissime
681 2130 850 2211 Virgilium
867 2128 998 2188 advocat
1015 2127 1053 2186 ad
1070 2126 1259 2187 confirman-

210 2215 250 2274 da
265 2233 448 2298 argumenta
462 2217 647 2280 Rhetoricae:
660 2240 761 2302 neque
776 2219 842 2279 ullo
856 2219 992 2278 crebrius
1008 2216 1143 2276 Isidorus
1161 2218 1259 2275 utitur

212 2300 250 2361 ad
262 2305 448 2385 signandam
462 2328 526 2367 rem
538 2307 734 2390 eloquentiae.
749 2307 864 2366 Anton.
875 2306 1005 2365 Mintur..
1018 2304 1070 2362 lib.
1085 2306 1108 2362 I.
1122 2303 1161 2362 de
1174 2316 1259 2383 poet.

210 2393 253 2450 ita
268 2395 376 2454 scribit
390 2397 428 2456 de
438 2397 589 2478 Virgilio:
608 2422 621 2453 ιι
633 2395 718 2478 quod
735 2397 819 2456 enim
834 2417 889 2477 per
904 2397 984 2456 Deos
1002 2391 1195 2464 immortales
1212 2392 1260 2450 di·

212 2481 303 2540 cendi
316 2504 428 2562 genus,
447 2507 517 2568 quae
534 2485 648 2567 figura,
664 2487 717 2566 qui
734 2485 900 2545 verborum
920 2482 1071 2556 delectus,
1087 2503 1158 2562 quae
1179 2501 1262 2540 com·

212 2573 343 2652 positio,
358 2595 428 2655 quae
444 2591 628 2636 ornamenta
643 2577 809 2650 orationis,
830 2595 898 2655 quae
919 2574 1040 2632 lumina
1059 2570 1262 2630 luculentissi-

213 2680 262 2718 me
277 2662 309 2720 in
326 2661 382 2722 illo
395 2686 460 2725 non
475 2665 647 2748 apparent?
658 2692 672 2722 ιι
687 2667 801 2726 Donat.
818 2667 850 2724 in
864 2662 985 2746 praefat.
1001 2688 1014 2718 ιι
1026 2663 1055 2722 si
1069 2663 1141 2742 quis
1154 2663 1261 2720 carmi-

213 2771 290 2810 num
306 2749 419 2812 horu'm
435 2776 558 2815 sensum
575 2757 766 2838 perceperit,
781 2756 814 2814 in
828 2769 920 2836 poeta
935 2767 1090 2814 oratorem
1102 2771 1260 2810 summum

213 2840 367 2915 inveniet3
380 2845 465 2905 unde
475 2845 644 2927 Virgilium
659 2867 723 2906 non
736 2844 954 2918 Grammaticl,
968 2843 1020 2902 sed
1033 2854 1170 2900 oratores
1182 2860 1263 2922 prae-

213 2927 304 3007 cipue
318 2929 469 3011 explicare
483 2931 681 3002 debuerunt:
707 2931 788 2990 idem
814 2946 911 2990 artem
933 2927 1055 2989 dicendi
1079 2928 1263 3007 plenissime

214 3015 415 3079 demonstrat.
427 3046 440 3077 ιι
455 3021 565 3081 Seneca
575 3025 670 3102 Epist.
685 3023 722 3100 59
734 3020 772 3079 de
782 3021 915 3100 Virgilio
926 3042 932 3076 ι
945 3017 1044 3078 diserte
1053 3015 1170 3097 quidem
1183 3015 1262 3076 dicit.

214 3105 333 3167 Eodem
349 3108 447 3169 refero
462 3111 547 3187 illos,
564 3113 617 3190 qui
627 3111 794 3190 Virgilium
812 3123 923 3170 vocant
937 3105 1214 3169 luculentissimum:
1229 3107 1264 3164 in

214 3191 261 3252 his
277 3209 322 3254 est
336 3199 526 3278 Augustinus
547 3197 604 3257 lib.
626 3199 696 3258 XIV
715 3197 754 3257 de
773 3199 863 3258 Civit.
884 3197 1001 3278 aliique
1013 3195 1128 3277 passim
1147 3194 1263 3274 plures.

213 3283 349 3342 Martial.
365 3285 420 3346 lib.
439 3291 509 3349 XIV
516 3287 685 3372 facundum
703 3289 863 3363 nominat,
884 3312 898 3342 ιι
912 3289 1014 3367 accipe
1032 3281 1161 3344 facundi
1177 3281 1265 3342 Culi-

216 3390 298 3444 cem,
313 3372 467 3450 studiose,
480 3378 627 3437 Maronis.
638 3402 653 3432 ιι
668 3377 724 3436 Sed
741 3377 779 3436 ad
793 3376 963 3436 oratoriam
980 3375 1125 3432 virtutem
1138 3370 1265 3450 Virgilii

216 3459 414 3520 indicandam
423 3464 509 3524 nulla
520 3465 598 3526 mihi
611 3488 657 3526 res
670 3467 773 3549 aptior
782 3481 826 3526 est
835 3467 1015 3546 visa,quam
1027 3461 1139 3522 afferre
1148 3480 1266 3541 preco-

216 3567 270 3606 nes
279 3548 372 3625 illos,
385 3553 440 3631 qui
449 3554 618 3635 Virgilium
633 3556 956 3636 faciuntproximum,
972 3571 1092 3634 parem,
1108 3549 1265 3628 majorem

215 3633 320 3694 Tullio
335 3636 369 3696 in
382 3658 415 3697 re
427 3644 577 3701 oratoria:
593 3642 720 3723 fugiunt
732 3658 906 3704 extremum
918 3661 1022 3714 aures3
1037 3637 1088 3698 sed
1103 3633 1183 3695 mihi
1197 3633 1272 3694 noli.

217 3721 356 3800 credere3
369 3729 456 3790 crede
467 3733 615 3808 testibus,
630 3751 708 3812 quos
723 3733 864 3792 afferam.

271 3916 274 3922 s
563 3868 749 3910 nnoxrmos
770 3866 911 3905 roccio.
990 3907 994 3917 ,

257 3947 329 4006 Haec
341 3962 386 4008 est
397 3970 443 4009 res
455 3950 644 4029 adeocerta,
656 3966 690 4011 ut
702 3949 780 4011 mihi
792 3969 898 4031 paucae
910 3947 999 4008 Iineae
1011 3947 1045 4004 iu
1057 3965 1093 4004 ea
1104 3944 1264 4002 insumen-
