<?xml version="1.0" encoding="UTF-8"?>
<!DOCTYPE html PUBLIC "-//W3C//DTD XHTML 1.0 Transitional//EN"
    "http://www.w3.org/TR/xhtml1/DTD/xhtml1-transitional.dtd">
<html xmlns="http://www.w3.org/1999/xhtml" xml:lang="en" lang="en">
 <head>
  <title>
</title>
<meta http-equiv="Content-Type" content="text/html;charset=utf-8" />
  <meta name='ocr-system' content='tesseract 3.04.00' />
  <meta name='ocr-capabilities' content='ocr_page ocr_carea ocr_par ocr_line ocrx_word'/>
</head>
<body>
  <div class='ocr_page' id='page_1' title='image "./pvirgiliusmaroq06barbgoog_0236.png"; bbox 0 0 2720 4588; ppageno 0'>
   <div class='ocr_carea' id='block_1_1' title="bbox 199 291 1006 365">
    <p class='ocr_par' dir='ltr' id='par_1_1' title="bbox 199 291 1006 365">
     <span class='ocr_line' id='line_1_1' title="bbox 199 291 1006 365; baseline -0.011 -1"><span class='ocrx_word' id='word_1_1' title='bbox 199 318 261 364; x_wconf 79' lang='grc' dir='ltr'><strong>ιιι</strong></span> <span class='ocrx_word' id='word_1_2' title='bbox 525 291 907 356; x_wconf 82' lang='lat' dir='ltr'><strong>COMMENTARIA</strong></span> <span class='ocrx_word' id='word_1_3' title='bbox 1003 360 1006 365; x_wconf 64' lang='grc'><strong>,</strong></span> 
     </span>
    </p>
   </div>
   <div class='ocr_carea' id='block_1_2' title="bbox 166 414 1255 3334">
    <p class='ocr_par' dir='ltr' id='par_1_2' title="bbox 196 414 1239 764">
     <span class='ocr_line' id='line_1_2' title="bbox 196 414 1237 500; baseline -0.004 -18"><span class='ocrx_word' id='word_1_4' title='bbox 196 439 280 481; x_wconf 90' lang='lat' dir='ltr'><strong>nese</strong></span> <span class='ocrx_word' id='word_1_5' title='bbox 293 415 459 500; x_wconf 77' lang='lat' dir='ltr'><strong>quisquam</strong></span> <span class='ocrx_word' id='word_1_6' title='bbox 470 415 650 474; x_wconf 83' lang='lat' dir='ltr'><strong>mortalium</strong></span> <span class='ocrx_word' id='word_1_7' title='bbox 662 415 756 494; x_wconf 88' lang='lat' dir='ltr'><strong>jactet</strong></span> <span class='ocrx_word' id='word_1_8' title='bbox 772 427 835 474; x_wconf 86' lang='lat' dir='ltr'><strong>tam</strong></span> <span class='ocrx_word' id='word_1_9' title='bbox 853 414 988 494; x_wconf 79' lang='lat' dir='ltr'><strong>glorioso</strong></span> <span class='ocrx_word' id='word_1_10' title='bbox 1004 417 1128 478; x_wconf 81' lang='lat' dir='ltr'><strong>vulnere</strong></span> <span class='ocrx_word' id='word_1_11' title='bbox 1142 441 1148 476; x_wconf 94' lang='lat'><strong>:</strong></span> <span class='ocrx_word' id='word_1_12' title='bbox 1163 419 1237 478; x_wconf 88' lang='lat' dir='ltr'><strong>inde</strong></span> 
     </span>
     <span class='ocr_line' id='line_1_3' title="bbox 197 504 1239 588; baseline -0.004 -18"><span class='ocrx_word' id='word_1_13' title='bbox 197 508 276 570; x_wconf 88' lang='lat' dir='ltr'><strong>illud</strong></span> <span class='ocrx_word' id='word_1_14' title='bbox 288 507 436 567; x_wconf 84' lang='lat' dir='ltr'><strong>tribuitur</strong></span> <span class='ocrx_word' id='word_1_15' title='bbox 443 506 603 580; x_wconf 84' lang='lat' dir='ltr'><strong>autcasui,</strong></span> <span class='ocrx_word' id='word_1_16' title='bbox 617 517 670 564; x_wconf 89' lang='lat' dir='ltr'><strong>aut</strong></span> <span class='ocrx_word' id='word_1_17' title='bbox 679 507 762 578; x_wconf 82' lang='lat' dir='ltr'><strong>Deo3</strong></span> <span class='ocrx_word' id='word_1_18' title='bbox 775 504 813 564; x_wconf 86' lang='lat' dir='ltr'><strong>ad</strong></span> <span class='ocrx_word' id='word_1_19' title='bbox 826 525 896 564; x_wconf 91' lang='lat' dir='ltr'><strong>eum</strong></span> <span class='ocrx_word' id='word_1_20' title='bbox 911 507 1056 583; x_wconf 90' lang='lat' dir='ltr'><strong>modum,</strong></span> <span class='ocrx_word' id='word_1_21' title='bbox 1069 529 1132 588; x_wconf 89' lang='lat' dir='ltr'><strong>quo</strong></span> <span class='ocrx_word' id='word_1_22' title='bbox 1142 506 1239 588; x_wconf 85' lang='lat' dir='ltr'><strong>jacta·</strong></span> 
     </span>
     <span class='ocr_line' id='line_1_4' title="bbox 197 590 1238 678; baseline -0.006 -18"><span class='ocrx_word' id='word_1_23' title='bbox 197 612 265 660; x_wconf 89' lang='lat' dir='ltr'><strong>tum</strong></span> <span class='ocrx_word' id='word_1_24' title='bbox 277 595 371 670; x_wconf 90' lang='lat' dir='ltr'><strong>illud,</strong></span> <span class='ocrx_word' id='word_1_25' title='bbox 381 607 435 654; x_wconf 85' lang='lat' dir='ltr'><strong>eut</strong></span> <span class='ocrx_word' id='word_1_26' title='bbox 444 595 548 666; x_wconf 76' lang='lat' dir='ltr'><strong>Cesset,</strong></span> <span class='ocrx_word' id='word_1_27' title='bbox 558 606 610 654; x_wconf 87' lang='lat' dir='ltr'><strong>aut</strong></span> <span class='ocrx_word' id='word_1_28' title='bbox 620 590 705 652; x_wconf 81' lang='lat' dir='ltr'><strong><em>nihil.</em></strong></span> <span class='ocrx_word' id='word_1_29' title='bbox 720 595 819 674; x_wconf 79' lang='lat' dir='ltr'><strong>Atque</strong></span> <span class='ocrx_word' id='word_1_30' title='bbox 830 596 873 653; x_wconf 86' lang='lat' dir='ltr'><strong>ita</strong></span> <span class='ocrx_word' id='word_1_31' title='bbox 887 595 1036 655; x_wconf 81' lang='lat' dir='ltr'><strong>viciortis</strong></span> <span class='ocrx_word' id='word_1_32' title='bbox 1048 598 1169 678; x_wconf 83' lang='lat' dir='ltr'><strong>patitur</strong></span> <span class='ocrx_word' id='word_1_33' title='bbox 1178 595 1238 654; x_wconf 83' lang='lat' dir='ltr'><strong>for·</strong></span> 
     </span>
     <span class='ocr_line' id='line_1_5' title="bbox 196 679 1017 764; baseline -0.009 -16"><span class='ocrx_word' id='word_1_34' title='bbox 196 701 304 748; x_wconf 80' lang='lat' dir='ltr'><strong>tunam</strong></span> <span class='ocrx_word' id='word_1_35' title='bbox 316 680 512 764; x_wconf 66' lang='lat' dir='ltr'><strong>praeliorum,</strong></span> <span class='ocrx_word' id='word_1_36' title='bbox 525 693 555 739; x_wconf 90' lang='lat' dir='ltr'><strong>et</strong></span> <span class='ocrx_word' id='word_1_37' title='bbox 567 679 652 740; x_wconf 88' lang='lat' dir='ltr'><strong>salva</strong></span> <span class='ocrx_word' id='word_1_38' title='bbox 662 693 706 739; x_wconf 90' lang='lat' dir='ltr'><strong>est</strong></span> <span class='ocrx_word' id='word_1_39' title='bbox 718 700 860 761; x_wconf 81' lang='lat' dir='ltr'><strong>personae</strong></span> <span class='ocrx_word' id='word_1_40' title='bbox 873 680 1017 763; x_wconf 83' lang='lat' dir='ltr'><strong>dignitas.</strong></span> 
     </span>
    </p>

    <p class='ocr_par' dir='ltr' id='par_1_3' title="bbox 193 766 1255 1650">
     <span class='ocr_line' id='line_1_6' title="bbox 236 766 1238 848; baseline -0.006 -15"><span class='ocrx_word' id='word_1_41' title='bbox 236 771 303 847; x_wconf 71' lang='lat'><strong>324.</strong></span> <span class='ocrx_word' id='word_1_42' title='bbox 316 773 425 830; x_wconf 80' lang='lat' dir='ltr'><strong>AEneas</strong></span> <span class='ocrx_word' id='word_1_43' title='bbox 438 771 504 828; x_wconf 84' lang='lat' dir='ltr'><strong>acie</strong></span> <span class='ocrx_word' id='word_1_44' title='bbox 514 766 608 842; x_wconf 86' lang='lat' dir='ltr'><strong>abiit,</strong></span> <span class='ocrx_word' id='word_1_45' title='bbox 619 782 654 827; x_wconf 90' lang='lat' dir='ltr'><strong>ut</strong></span> <span class='ocrx_word' id='word_1_46' title='bbox 662 789 839 848; x_wconf 70' lang='lat' dir='ltr'><strong>percussus,</strong></span> <span class='ocrx_word' id='word_1_47' title='bbox 850 771 967 830; x_wconf 85' lang='lat' dir='ltr'><strong>turbati</strong></span> <span class='ocrx_word' id='word_1_48' title='bbox 978 787 1052 830; x_wconf 90' lang='lat' dir='ltr'><strong>sunt</strong></span> <span class='ocrx_word' id='word_1_49' title='bbox 1064 771 1155 831; x_wconf 91' lang='lat' dir='ltr'><strong>duces</strong></span> <span class='ocrx_word' id='word_1_50' title='bbox 1161 773 1238 829; x_wconf 82' lang='lat' dir='ltr'><strong>Tro-</strong></span> 
     </span>
     <span class='ocr_line' id='line_1_7' title="bbox 193 855 1255 943; baseline -0.005 -22"><span class='ocrx_word' id='word_1_51' title='bbox 193 861 277 943; x_wconf 74' lang='lat' dir='ltr'><strong>jani,</strong></span> <span class='ocrx_word' id='word_1_52' title='bbox 288 857 328 920; x_wconf 91' lang='lat' dir='ltr'><strong>ab</strong></span> <span class='ocrx_word' id='word_1_53' title='bbox 336 857 396 918; x_wconf 92' lang='lat' dir='ltr'><strong>hoc</strong></span> <span class='ocrx_word' id='word_1_54' title='bbox 405 877 543 917; x_wconf 88' lang='lat' dir='ltr'><strong>successu</strong></span> <span class='ocrx_word' id='word_1_55' title='bbox 551 877 620 938; x_wconf 90' lang='lat' dir='ltr'><strong>spes</strong></span> <span class='ocrx_word' id='word_1_56' title='bbox 627 857 725 916; x_wconf 88' lang='lat' dir='ltr'><strong>Turni</strong></span> <span class='ocrx_word' id='word_1_57' title='bbox 733 858 849 932; x_wconf 82' lang='lat' dir='ltr'><strong>subita,</strong></span> <span class='ocrx_word' id='word_1_58' title='bbox 861 857 1148 941; x_wconf 79' lang='lat' dir='ltr'><strong>quaereitseroidus:</strong></span> <span class='ocrx_word' id='word_1_59' title='bbox 1160 855 1237 916; x_wconf 82' lang='lat' dir='ltr'><strong>latet</strong></span> <span class='ocrx_word' id='word_1_60' title='bbox 1252 933 1255 938; x_wconf 17' lang='lat' dir='ltr'>v</span> 
     </span>
     <span class='ocr_line' id='line_1_8' title="bbox 194 945 1235 1028; baseline -0.007 -16"><span class='ocrx_word' id='word_1_61' title='bbox 194 953 227 1012; x_wconf 87' lang='lat' dir='ltr'><strong>in</strong></span> <span class='ocrx_word' id='word_1_62' title='bbox 238 947 475 1023; x_wconf 82' lang='lat' dir='ltr'><strong>hisAEneselaus,</strong></span> <span class='ocrx_word' id='word_1_63' title='bbox 483 968 576 1028; x_wconf 91' lang='lat' dir='ltr'><strong>quem</strong></span> <span class='ocrx_word' id='word_1_64' title='bbox 585 945 686 1006; x_wconf 89' lang='lat' dir='ltr'><strong>solum</strong></span> <span class='ocrx_word' id='word_1_65' title='bbox 694 950 816 1008; x_wconf 86' lang='lat' dir='ltr'><strong>Turnus</strong></span> <span class='ocrx_word' id='word_1_66' title='bbox 825 946 970 1024; x_wconf 85' lang='lat' dir='ltr'><strong>timebat,</strong></span> <span class='ocrx_word' id='word_1_67' title='bbox 978 970 1041 1008; x_wconf 89' lang='lat' dir='ltr'><strong>non</strong></span> <span class='ocrx_word' id='word_1_68' title='bbox 1052 947 1159 1021; x_wconf 80' lang='lat' dir='ltr'><strong>alium,</strong></span> <span class='ocrx_word' id='word_1_69' title='bbox 1169 949 1235 1006; x_wconf 91' lang='lat' dir='ltr'><strong>imo</strong></span> 
     </span>
     <span class='ocr_line' id='line_1_9' title="bbox 195 1037 1237 1118; baseline -0.007 -18"><span class='ocrx_word' id='word_1_70' title='bbox 195 1061 252 1100; x_wconf 87' lang='lat' dir='ltr'><strong>nee</strong></span> <span class='ocrx_word' id='word_1_71' title='bbox 266 1053 363 1098; x_wconf 85' lang='lat' dir='ltr'><strong>totam</strong></span> <span class='ocrx_word' id='word_1_72' title='bbox 377 1057 487 1096; x_wconf 84' lang='lat' dir='ltr'><strong>ac1em</strong></span> <span class='ocrx_word' id='word_1_73' title='bbox 501 1039 584 1117; x_wconf 79' lang='lat' dir='ltr'><strong>Ergo</strong></span> <span class='ocrx_word' id='word_1_74' title='bbox 599 1037 668 1116; x_wconf 90' lang='lat' dir='ltr'><strong>qui,</strong></span> <span class='ocrx_word' id='word_1_75' title='bbox 686 1050 838 1118; x_wconf 83' lang='lat' dir='ltr'><strong>pcaeseute</strong></span> <span class='ocrx_word' id='word_1_76' title='bbox 850 1038 959 1112; x_wconf 84' lang='lat' dir='ltr'><strong>AEnea</strong></span> <span class='ocrx_word' id='word_1_77' title='bbox 980 1037 1061 1096; x_wconf 81' lang='lat' dir='ltr'><strong>nihil</strong></span> <span class='ocrx_word' id='word_1_78' title='bbox 1073 1050 1118 1096; x_wconf 89' lang='lat' dir='ltr'><strong>est</strong></span> <span class='ocrx_word' id='word_1_79' title='bbox 1131 1055 1237 1108; x_wconf 88' lang='lat' dir='ltr'><strong>ausus,</strong></span> 
     </span>
     <span class='ocr_line' id='line_1_10' title="bbox 193 1124 1239 1219; baseline -0.004 -31"><span class='ocrx_word' id='word_1_80' title='bbox 193 1142 226 1188; x_wconf 85' lang='lat' dir='ltr'><strong>et</strong></span> <span class='ocrx_word' id='word_1_81' title='bbox 236 1126 273 1188; x_wconf 91' lang='lat' dir='ltr'><strong>ad</strong></span> <span class='ocrx_word' id='word_1_82' title='bbox 286 1147 355 1186; x_wconf 83' lang='lat' dir='ltr'><strong>aras</strong></span> <span class='ocrx_word' id='word_1_83' title='bbox 366 1137 523 1186; x_wconf 82' lang='lat' dir='ltr'><strong><em>accesserat</em></strong></span> <span class='ocrx_word' id='word_1_84' title='bbox 534 1127 644 1185; x_wconf 77' lang='lat' dir='ltr'><strong><em>incessu</em></strong></span> <span class='ocrx_word' id='word_1_85' title='bbox 656 1129 758 1199; x_wconf 86' lang='lat' dir='ltr'><strong>tacito,</strong></span> <span class='ocrx_word' id='word_1_86' title='bbox 771 1139 802 1186; x_wconf 85' lang='lat' dir='ltr'><strong>et</strong></span> <span class='ocrx_word' id='word_1_87' title='bbox 811 1125 933 1219; x_wconf 87' lang='lat' dir='ltr'><strong>demisso</strong></span> <span class='ocrx_word' id='word_1_88' title='bbox 947 1124 1070 1200; x_wconf 84' lang='lat' dir='ltr'><strong>lumine,</strong></span> <span class='ocrx_word' id='word_1_89' title='bbox 1084 1147 1121 1184; x_wconf 92' lang='lat' dir='ltr'><strong>en</strong></span> <span class='ocrx_word' id='word_1_90' title='bbox 1135 1126 1239 1184; x_wconf 87' lang='lat' dir='ltr'><strong>absen-</strong></span> 
     </span>
     <span class='ocr_line' id='line_1_11' title="bbox 194 1211 1239 1296; baseline -0.007 -20"><span class='ocrx_word' id='word_1_91' title='bbox 194 1213 300 1296; x_wconf 84' lang='lat' dir='ltr'><strong>tejam</strong></span> <span class='ocrx_word' id='word_1_92' title='bbox 321 1235 375 1290; x_wconf 88' lang='lat' dir='ltr'><strong>eo,</strong></span> <span class='ocrx_word' id='word_1_93' title='bbox 388 1213 485 1273; x_wconf 89' lang='lat' dir='ltr'><strong>veluti</strong></span> <span class='ocrx_word' id='word_1_94' title='bbox 504 1226 603 1272; x_wconf 87' lang='lat' dir='ltr'><strong>certus</strong></span> <span class='ocrx_word' id='word_1_95' title='bbox 620 1211 807 1273; x_wconf 83' lang='lat' dir='ltr'><strong>devictoris</strong></span> <span class='ocrx_word' id='word_1_96' title='bbox 813 1185 1037 1295; x_wconf 82' lang='lat' dir='ltr'><strong>,equosposeit,</strong></span> <span class='ocrx_word' id='word_1_97' title='bbox 1056 1227 1239 1294; x_wconf 83' lang='lat' dir='ltr'><strong>etqueurma</strong></span> 
     </span>
     <span class='ocr_line' id='line_1_12' title="bbox 194 1300 1238 1400; baseline -0.008 -34"><span class='ocrx_word' id='word_1_98' title='bbox 194 1303 297 1366; x_wconf 73' lang='lat' dir='ltr'><strong>inunt:</strong></span> <span class='ocrx_word' id='word_1_99' title='bbox 311 1303 362 1362; x_wconf 84' lang='lat' dir='ltr'><strong>vix</strong></span> <span class='ocrx_word' id='word_1_100' title='bbox 369 1300 516 1382; x_wconf 80' lang='lat' dir='ltr'><strong>jusserat,</strong></span> <span class='ocrx_word' id='word_1_101' title='bbox 528 1323 627 1384; x_wconf 90' lang='lat' dir='ltr'><strong>quum</strong></span> <span class='ocrx_word' id='word_1_102' title='bbox 640 1302 780 1375; x_wconf 82' lang='lat' dir='ltr'><strong>adducti3</strong></span> <span class='ocrx_word' id='word_1_103' title='bbox 795 1317 827 1363; x_wconf 89' lang='lat' dir='ltr'><strong>et</strong></span> <span class='ocrx_word' id='word_1_104' title='bbox 839 1305 890 1362; x_wconf 85' lang='lat' dir='ltr'><strong>vix</strong></span> <span class='ocrx_word' id='word_1_105' title='bbox 905 1302 1051 1377; x_wconf 81' lang='lat' dir='ltr'><strong>adducti,</strong></span> <span class='ocrx_word' id='word_1_106' title='bbox 1063 1323 1160 1400; x_wconf 84' lang='lat' dir='ltr'><strong>quum</strong></span> <span class='ocrx_word' id='word_1_107' title='bbox 1170 1301 1238 1380; x_wconf 81' lang='lat' dir='ltr'><strong>jam</strong></span> 
     </span>
     <span class='ocr_line' id='line_1_13' title="bbox 194 1387 1237 1470; baseline -0.009 -16"><span class='ocrx_word' id='word_1_108' title='bbox 194 1393 247 1454; x_wconf 90' lang='lat' dir='ltr'><strong>ille</strong></span> <span class='ocrx_word' id='word_1_109' title='bbox 261 1387 472 1452; x_wconf 76' lang='grc' dir='ltr'><strong>ειηίοὰιεαίιιι</strong></span> <span class='ocrx_word' id='word_1_110' title='bbox 462 1411 493 1448; x_wconf 88' lang='lat' dir='ltr'><strong>m</strong></span> <span class='ocrx_word' id='word_1_111' title='bbox 506 1411 625 1450; x_wconf 81' lang='lat' dir='ltr'><strong>currum</strong></span> <span class='ocrx_word' id='word_1_112' title='bbox 638 1389 789 1470; x_wconf 81' lang='lat' dir='ltr'><strong>superbus,</strong></span> <span class='ocrx_word' id='word_1_113' title='bbox 804 1404 833 1450; x_wconf 91' lang='lat' dir='ltr'><strong>et</strong></span> <span class='ocrx_word' id='word_1_114' title='bbox 841 1387 972 1464; x_wconf 81' lang='lat' dir='ltr'><strong>molitur</strong></span> <span class='ocrx_word' id='word_1_115' title='bbox 985 1403 1090 1462; x_wconf 88' lang='lat' dir='ltr'><strong>movet,</strong></span> <span class='ocrx_word' id='word_1_116' title='bbox 1101 1391 1173 1468; x_wconf 74' lang='lat' dir='ltr'><strong>reqit</strong></span> <span class='ocrx_word' id='word_1_117' title='bbox 1183 1387 1237 1446; x_wconf 77' lang='lat' dir='ltr'><strong>lta-</strong></span> 
     </span>
     <span class='ocr_line' id='line_1_14' title="bbox 195 1475 1238 1576; baseline -0.01 -33"><span class='ocrx_word' id='word_1_118' title='bbox 195 1480 281 1542; x_wconf 78' lang='lat' dir='ltr'><strong>henas</strong></span> <span class='ocrx_word' id='word_1_119' title='bbox 293 1476 437 1538; x_wconf 84' lang='lat' dir='ltr'><strong>manibus.</strong></span> <span class='ocrx_word' id='word_1_120' title='bbox 446 1475 533 1535; x_wconf 86' lang='lat' dir='ltr'><strong>Dixit</strong></span> <span class='ocrx_word' id='word_1_121' title='bbox 539 1475 706 1576; x_wconf 57' lang='lat' dir='ltr'><strong>,cupales</strong></span> <span class='ocrx_word' id='word_1_122' title='bbox 716 1497 780 1537; x_wconf 89' lang='lat' dir='ltr'><strong>non</strong></span> <span class='ocrx_word' id='word_1_123' title='bbox 792 1476 894 1537; x_wconf 91' lang='lat' dir='ltr'><strong>solum</strong></span> <span class='ocrx_word' id='word_1_124' title='bbox 906 1477 1091 1551; x_wconf 86' lang='lat' dir='ltr'><strong>luculenter,</strong></span> <span class='ocrx_word' id='word_1_125' title='bbox 1102 1476 1154 1536; x_wconf 90' lang='lat' dir='ltr'><strong>sed</strong></span> <span class='ocrx_word' id='word_1_126' title='bbox 1165 1495 1238 1556; x_wconf 87' lang='lat' dir='ltr'><strong>pro-</strong></span> 
     </span>
     <span class='ocr_line' id='line_1_15' title="bbox 193 1521 934 1650; baseline -0.01 -21"><span class='ocrx_word' id='word_1_127' title='bbox 193 1571 279 1650; x_wconf 81' lang='lat' dir='ltr'><strong>prie;</strong></span> <span class='ocrx_word' id='word_1_128' title='bbox 291 1567 365 1626; x_wconf 74' lang='lat' dir='ltr'><strong>uam</strong></span> <span class='ocrx_word' id='word_1_129' title='bbox 376 1563 441 1644; x_wconf 83' lang='lat' dir='ltr'><strong>jam</strong></span> <span class='ocrx_word' id='word_1_130' title='bbox 454 1521 606 1644; x_wconf 70' lang='lat' dir='ltr'><strong>superlitas,</strong></span> <span class='ocrx_word' id='word_1_131' title='bbox 620 1565 673 1644; x_wconf 85' lang='lat' dir='ltr'><strong>qui</strong></span> <span class='ocrx_word' id='word_1_132' title='bbox 689 1585 782 1644; x_wconf 82' lang='lat' dir='ltr'><strong>supra</strong></span> <span class='ocrx_word' id='word_1_133' title='bbox 798 1585 934 1623; x_wconf 85' lang='lat' dir='ltr'><strong>currum.</strong></span> 
     </span>
    </p>

    <p class='ocr_par' dir='ltr' id='par_1_4' title="bbox 191 1649 1239 2267">
     <span class='ocr_line' id='line_1_16' title="bbox 235 1649 1239 1732; baseline -0.006 -18"><span class='ocrx_word' id='word_1_134' title='bbox 235 1656 302 1714; x_wconf 83' lang='lat'><strong>328.</strong></span> <span class='ocrx_word' id='word_1_135' title='bbox 320 1651 413 1712; x_wconf 79' lang='lat' dir='ltr'><strong>Adest</strong></span> <span class='ocrx_word' id='word_1_136' title='bbox 427 1670 604 1726; x_wconf 81' lang='lat' dir='ltr'><strong><em>successus,</em></strong></span> <span class='ocrx_word' id='word_1_137' title='bbox 618 1667 648 1710; x_wconf 89' lang='lat' dir='ltr'><strong>et</strong></span> <span class='ocrx_word' id='word_1_138' title='bbox 663 1650 715 1710; x_wconf 90' lang='lat' dir='ltr'><strong>hic</strong></span> <span class='ocrx_word' id='word_1_139' title='bbox 729 1653 807 1710; x_wconf 86' lang='lat' dir='ltr'><strong>mire</strong></span> <span class='ocrx_word' id='word_1_140' title='bbox 821 1655 974 1732; x_wconf 80' lang='lat' dir='ltr'><strong>tragicus:</strong></span> <span class='ocrx_word' id='word_1_141' title='bbox 995 1673 1069 1712; x_wconf 86' lang='lat' dir='ltr'><strong>nam</strong></span> <span class='ocrx_word' id='word_1_142' title='bbox 1087 1649 1178 1732; x_wconf 84' lang='lat' dir='ltr'><strong>quale</strong></span> <span class='ocrx_word' id='word_1_143' title='bbox 1190 1665 1239 1708; x_wconf 90' lang='lat' dir='ltr'><strong>est</strong></span> 
     </span>
     <span class='ocr_line' id='line_1_17' title="bbox 195 1735 1238 1819; baseline -0.008 -15"><span class='ocrx_word' id='word_1_144' title='bbox 195 1761 319 1804; x_wconf 84' lang='lat' dir='ltr'><strong>cernere</strong></span> <span class='ocrx_word' id='word_1_145' title='bbox 331 1741 369 1800; x_wconf 91' lang='lat' dir='ltr'><strong>ab</strong></span> <span class='ocrx_word' id='word_1_146' title='bbox 382 1759 447 1800; x_wconf 88' lang='lat' dir='ltr'><strong>uno</strong></span> <span class='ocrx_word' id='word_1_147' title='bbox 461 1738 591 1798; x_wconf 85' lang='lat' dir='ltr'><strong>homine</strong></span> <span class='ocrx_word' id='word_1_148' title='bbox 604 1756 660 1819; x_wconf 85' lang='lat' dir='ltr'><strong>per</strong></span> <span class='ocrx_word' id='word_1_149' title='bbox 672 1741 753 1798; x_wconf 87' lang='lat' dir='ltr'><strong>acies</strong></span> <span class='ocrx_word' id='word_1_150' title='bbox 769 1738 920 1798; x_wconf 83' lang='lat' dir='ltr'><strong>volitante</strong></span> <span class='ocrx_word' id='word_1_151' title='bbox 934 1735 1050 1799; x_wconf 82' lang='lat' dir='ltr'><strong>multos</strong></span> <span class='ocrx_word' id='word_1_152' title='bbox 1067 1753 1097 1798; x_wconf 90' lang='lat' dir='ltr'><strong>et</strong></span> <span class='ocrx_word' id='word_1_153' title='bbox 1108 1738 1238 1797; x_wconf 81' lang='lat' dir='ltr'><strong>fortissi-</strong></span> 
     </span>
     <span class='ocr_line' id='line_1_18' title="bbox 195 1826 1238 1909; baseline -0.006 -17"><span class='ocrx_word' id='word_1_154' title='bbox 195 1853 264 1891; x_wconf 87' lang='lat' dir='ltr'><strong>mos</strong></span> <span class='ocrx_word' id='word_1_155' title='bbox 277 1828 362 1890; x_wconf 86' lang='lat' dir='ltr'><strong>letho</strong></span> <span class='ocrx_word' id='word_1_156' title='bbox 378 1826 483 1886; x_wconf 86' lang='lat' dir='ltr'><strong>datos?</strong></span> <span class='ocrx_word' id='word_1_157' title='bbox 496 1827 614 1886; x_wconf 86' lang='lat' dir='ltr'><strong>multos</strong></span> <span class='ocrx_word' id='word_1_158' title='bbox 629 1829 798 1886; x_wconf 82' lang='lat' dir='ltr'><strong><em>semineces</em></strong></span> <span class='ocrx_word' id='word_1_159' title='bbox 813 1826 1017 1909; x_wconf 78' lang='lat' dir='ltr'><strong>provolutos?</strong></span> <span class='ocrx_word' id='word_1_160' title='bbox 1027 1841 1094 1886; x_wconf 89' lang='lat' dir='ltr'><strong>tota</strong></span> <span class='ocrx_word' id='word_1_161' title='bbox 1110 1829 1238 1906; x_wconf 75' lang='lat' dir='ltr'><strong>agmina</strong></span> 
     </span>
     <span class='ocr_line' id='line_1_19' title="bbox 194 1913 1238 1996; baseline -0.007 -16"><span class='ocrx_word' id='word_1_162' title='bbox 194 1921 288 1980; x_wconf 90' lang='lat' dir='ltr'><strong>unius</strong></span> <span class='ocrx_word' id='word_1_163' title='bbox 298 1937 392 1976; x_wconf 86' lang='lat' dir='ltr'><strong>curru</strong></span> <span class='ocrx_word' id='word_1_164' title='bbox 401 1913 552 1996; x_wconf 83' lang='lat' dir='ltr'><strong>protrita?</strong></span> <span class='ocrx_word' id='word_1_165' title='bbox 562 1913 665 1974; x_wconf 81' lang='lat' dir='ltr'><strong>hostes</strong></span> <span class='ocrx_word' id='word_1_166' title='bbox 678 1913 855 1996; x_wconf 81' lang='lat' dir='ltr'><strong>fugientum</strong></span> <span class='ocrx_word' id='word_1_167' title='bbox 869 1917 962 1996; x_wconf 76' lang='lat' dir='ltr'><strong>tergis</strong></span> <span class='ocrx_word' id='word_1_168' title='bbox 975 1913 1126 1996; x_wconf 75' lang='lat' dir='ltr'><strong>ingestas?</strong></span> <span class='ocrx_word' id='word_1_169' title='bbox 1137 1927 1167 1973; x_wconf 90' lang='lat' dir='ltr'><strong>et</strong></span> <span class='ocrx_word' id='word_1_170' title='bbox 1181 1935 1238 1974; x_wconf 90' lang='lat' dir='ltr'><strong>no-</strong></span> 
     </span>
     <span class='ocr_line' id='line_1_20' title="bbox 195 2001 1238 2086; baseline -0.005 -19"><span class='ocrx_word' id='word_1_171' title='bbox 195 2021 277 2067; x_wconf 84' lang='lat' dir='ltr'><strong>tetur</strong></span> <span class='ocrx_word' id='word_1_172' title='bbox 291 2023 433 2064; x_wconf 85' lang='lat' dir='ltr'><strong>asceosus</strong></span> <span class='ocrx_word' id='word_1_173' title='bbox 452 2005 602 2084; x_wconf 85' lang='lat' dir='ltr'><strong>poeticus.</strong></span> <span class='ocrx_word' id='word_1_174' title='bbox 616 2005 768 2086; x_wconf 75' lang='lat' dir='ltr'><strong>Magnum</strong></span> <span class='ocrx_word' id='word_1_175' title='bbox 788 2017 848 2079; x_wconf 87' lang='lat' dir='ltr'><strong>est,</strong></span> <span class='ocrx_word' id='word_1_176' title='bbox 868 2003 974 2064; x_wconf 86' lang='lat' dir='ltr'><strong>multos</strong></span> <span class='ocrx_word' id='word_1_177' title='bbox 988 2002 1085 2063; x_wconf 88' lang='lat' dir='ltr'><strong>fuisse</strong></span> <span class='ocrx_word' id='word_1_178' title='bbox 1097 2001 1238 2062; x_wconf 85' lang='lat' dir='ltr'><strong>trucida-</strong></span> 
     </span>
     <span class='ocr_line' id='line_1_21' title="bbox 196 2091 1238 2176; baseline -0.006 -20"><span class='ocrx_word' id='word_1_179' title='bbox 196 2111 258 2169; x_wconf 84' lang='lat' dir='ltr'><strong>tos3</strong></span> <span class='ocrx_word' id='word_1_180' title='bbox 281 2091 394 2174; x_wconf 85' lang='lat' dir='ltr'><strong>majus,</strong></span> <span class='ocrx_word' id='word_1_181' title='bbox 417 2093 537 2172; x_wconf 78' lang='lat' dir='ltr'><strong>integra</strong></span> <span class='ocrx_word' id='word_1_182' title='bbox 556 2095 678 2174; x_wconf 68' lang='lat' dir='ltr'><strong>cymino</strong></span> <span class='ocrx_word' id='word_1_183' title='bbox 697 2096 849 2176; x_wconf 72' lang='lat' dir='ltr'><strong>protrita,</strong></span> <span class='ocrx_word' id='word_1_184' title='bbox 868 2097 1056 2176; x_wconf 83' lang='lat' dir='ltr'><strong>maximum,</strong></span> <span class='ocrx_word' id='word_1_185' title='bbox 1077 2113 1186 2152; x_wconf 89' lang='lat' dir='ltr'><strong>omnes</strong></span> <span class='ocrx_word' id='word_1_186' title='bbox 1203 2093 1238 2152; x_wconf 89' lang='lat' dir='ltr'><strong>in</strong></span> 
     </span>
     <span class='ocr_line' id='line_1_22' title="bbox 191 2186 422 2267; baseline -0.013 -24"><span class='ocrx_word' id='word_1_187' title='bbox 191 2186 422 2267; x_wconf 70' lang='lat' dir='ltr'><strong>fisqamversos.</strong></span> 
     </span>
    </p>

    <p class='ocr_par' dir='ltr' id='par_1_5' title="bbox 166 2269 1239 3145">
     <span class='ocr_line' id='line_1_23' title="bbox 234 2269 1238 2354; baseline -0.005 -21"><span class='ocrx_word' id='word_1_188' title='bbox 234 2274 302 2333; x_wconf 82' lang='lat'>331.</span> <span class='ocrx_word' id='word_1_189' title='bbox 313 2271 357 2331; x_wconf 76' lang='lat' dir='ltr'><strong>Ab</strong></span> <span class='ocrx_word' id='word_1_190' title='bbox 365 2283 450 2330; x_wconf 80' lang='lat' dir='ltr'><strong>tenta</strong></span> <span class='ocrx_word' id='word_1_191' title='bbox 460 2269 640 2346; x_wconf 84' lang='lat' dir='ltr'><strong>ferocitate,</strong></span> <span class='ocrx_word' id='word_1_192' title='bbox 648 2292 722 2332; x_wconf 90' lang='lat' dir='ltr'><strong>cum</strong></span> <span class='ocrx_word' id='word_1_193' title='bbox 734 2293 796 2354; x_wconf 93' lang='lat' dir='ltr'><strong>quo</strong></span> <span class='ocrx_word' id='word_1_194' title='bbox 808 2273 932 2350; x_wconf 87' lang='lat' dir='ltr'><strong>melius,</strong></span> <span class='ocrx_word' id='word_1_195' title='bbox 942 2292 1037 2354; x_wconf 88' lang='lat' dir='ltr'><strong>quam</strong></span> <span class='ocrx_word' id='word_1_196' title='bbox 1045 2291 1116 2332; x_wconf 92' lang='lat' dir='ltr'><strong>cum</strong></span> <span class='ocrx_word' id='word_1_197' title='bbox 1126 2271 1238 2343; x_wconf 83' lang='lat' dir='ltr'><strong>Marte,</strong></span> 
     </span>
     <span class='ocr_line' id='line_1_24' title="bbox 194 2359 1238 2442; baseline -0.006 -20"><span class='ocrx_word' id='word_1_198' title='bbox 194 2365 336 2422; x_wconf 80' lang='lat' dir='ltr'><strong>Turnum</strong></span> <span class='ocrx_word' id='word_1_199' title='bbox 355 2359 536 2442; x_wconf 81' lang='lat' dir='ltr'><strong>compares?</strong></span> <span class='ocrx_word' id='word_1_200' title='bbox 553 2361 656 2421; x_wconf 88' lang='lat' dir='ltr'><strong>Deum</strong></span> <span class='ocrx_word' id='word_1_201' title='bbox 672 2359 757 2423; x_wconf 92' lang='lat' dir='ltr'><strong>hunc</strong></span> <span class='ocrx_word' id='word_1_202' title='bbox 768 2363 872 2422; x_wconf 80' lang='lat' dir='ltr'><strong>vivide</strong></span> <span class='ocrx_word' id='word_1_203' title='bbox 890 2362 1039 2422; x_wconf 86' lang='lat' dir='ltr'><strong>describit</strong></span> <span class='ocrx_word' id='word_1_204' title='bbox 1055 2364 1072 2419; x_wconf 74' lang='lat' dir='ltr'><strong>a</strong></span> <span class='ocrx_word' id='word_1_205' title='bbox 1088 2361 1238 2418; x_wconf 88' lang='lat' dir='ltr'><strong>circums-</strong></span> 
     </span>
     <span class='ocr_line' id='line_1_25' title="bbox 194 2449 1236 2532; baseline -0.006 -22"><span class='ocrx_word' id='word_1_206' title='bbox 194 2451 304 2510; x_wconf 88' lang='lat' dir='ltr'><strong>tantiis</strong></span> <span class='ocrx_word' id='word_1_207' title='bbox 313 2449 391 2527; x_wconf 89' lang='lat' dir='ltr'><strong>loci,</strong></span> <span class='ocrx_word' id='word_1_208' title='bbox 403 2452 579 2532; x_wconf 77' lang='lat' dir='ltr'><strong>sanguinis,</strong></span> <span class='ocrx_word' id='word_1_209' title='bbox 589 2451 704 2532; x_wconf 78' lang='lat' dir='ltr'><strong>clypei,</strong></span> <span class='ocrx_word' id='word_1_210' title='bbox 715 2451 1062 2532; x_wconf 83' lang='lat' dir='ltr'><strong>bellorum,equorum,</strong></span> <span class='ocrx_word' id='word_1_211' title='bbox 1070 2449 1236 2509; x_wconf 89' lang='lat' dir='ltr'><strong>comitum:</strong></span> 
     </span>
     <span class='ocr_line' id='line_1_26' title="bbox 194 2532 1237 2624; baseline -0.006 -24"><span class='ocrx_word' id='word_1_212' title='bbox 194 2541 276 2615; x_wconf 85' lang='lat' dir='ltr'><strong>loci,</strong></span> <span class='ocrx_word' id='word_1_213' title='bbox 290 2561 364 2599; x_wconf 86' lang='lat' dir='ltr'><strong>nam</strong></span> <span class='ocrx_word' id='word_1_214' title='bbox 378 2539 461 2621; x_wconf 85' lang='lat' dir='ltr'><strong>apud</strong></span> <span class='ocrx_word' id='word_1_215' title='bbox 473 2541 613 2602; x_wconf 88' lang='lat' dir='ltr'><strong><em>Hebrum</em></strong></span> <span class='ocrx_word' id='word_1_216' title='bbox 625 2532 778 2617; x_wconf 79' lang='lat' dir='ltr'><strong>Thraeiae‚</strong></span> <span class='ocrx_word' id='word_1_217' title='bbox 795 2562 864 2622; x_wconf 81' lang='lat' dir='ltr'><strong>quae</strong></span> <span class='ocrx_word' id='word_1_218' title='bbox 878 2561 950 2624; x_wconf 87' lang='lat' dir='ltr'><strong>pars</strong></span> <span class='ocrx_word' id='word_1_219' title='bbox 963 2555 1130 2612; x_wconf 84' lang='lat' dir='ltr'><strong>terrarum,</strong></span> <span class='ocrx_word' id='word_1_220' title='bbox 1144 2549 1178 2596; x_wconf 90' lang='lat' dir='ltr'><strong>ut</strong></span> <span class='ocrx_word' id='word_1_221' title='bbox 1193 2535 1237 2595; x_wconf 88' lang='lat' dir='ltr'><strong>fe·</strong></span> 
     </span>
     <span class='ocr_line' id='line_1_27' title="bbox 196 2626 1237 2709; baseline -0.003 -21"><span class='ocrx_word' id='word_1_222' title='bbox 196 2630 370 2700; x_wconf 76' lang='lat' dir='ltr'><strong>notissima,</strong></span> <span class='ocrx_word' id='word_1_223' title='bbox 382 2626 456 2687; x_wconf 89' lang='lat' dir='ltr'><strong>huic</strong></span> <span class='ocrx_word' id='word_1_224' title='bbox 468 2631 536 2688; x_wconf 89' lang='lat' dir='ltr'><strong>Deo</strong></span> <span class='ocrx_word' id='word_1_225' title='bbox 548 2649 648 2700; x_wconf 80' lang='lat' dir='ltr'><strong>sacra,</strong></span> <span class='ocrx_word' id='word_1_226' title='bbox 665 2633 815 2690; x_wconf 83' lang='lat' dir='ltr'><strong>concitari</strong></span> <span class='ocrx_word' id='word_1_227' title='bbox 826 2630 906 2690; x_wconf 88' lang='lat' dir='ltr'><strong>solet</strong></span> <span class='ocrx_word' id='word_1_228' title='bbox 918 2653 925 2687; x_wconf 90' lang='lat'>:</span> <span class='ocrx_word' id='word_1_229' title='bbox 938 2630 1112 2709; x_wconf 79' lang='lat' dir='ltr'><strong>sanguinis,</strong></span> <span class='ocrx_word' id='word_1_230' title='bbox 1125 2643 1161 2685; x_wconf 92' lang='lat' dir='ltr'><strong>ut</strong></span> <span class='ocrx_word' id='word_1_231' title='bbox 1173 2647 1237 2706; x_wconf 93' lang='lat' dir='ltr'><strong>quo</strong></span> 
     </span>
     <span class='ocr_line' id='line_1_28' title="bbox 166 2710 1239 2800; baseline 0.004 -30"><span class='ocrx_word' id='word_1_232' title='bbox 166 2767 167 2770; x_wconf 74' lang='grc'><strong>,</strong></span> <span class='ocrx_word' id='word_1_233' title='bbox 196 2714 324 2798; x_wconf 70' lang='lat' dir='ltr'><strong>gaudet3</strong></span> <span class='ocrx_word' id='word_1_234' title='bbox 342 2710 385 2774; x_wconf 86' lang='lat' dir='ltr'><strong>ait</strong></span> <span class='ocrx_word' id='word_1_235' title='bbox 396 2717 533 2790; x_wconf 83' lang='lat' dir='ltr'><strong>Servius3</strong></span> <span class='ocrx_word' id='word_1_236' title='bbox 548 2719 638 2796; x_wconf 87' lang='lat' dir='ltr'><strong>quasi</strong></span> <span class='ocrx_word' id='word_1_237' title='bbox 652 2722 811 2798; x_wconf 76' lang='grc' dir='ltr'><strong>αἱμοχαρὴςι</strong></span> <span class='ocrx_word' id='word_1_238' title='bbox 827 2719 945 2800; x_wconf 83' lang='lat' dir='ltr'><strong>clypei,</strong></span> <span class='ocrx_word' id='word_1_239' title='bbox 959 2737 1021 2797; x_wconf 93' lang='lat' dir='ltr'><strong>quo</strong></span> <span class='ocrx_word' id='word_1_240' title='bbox 1035 2718 1177 2794; x_wconf 81' lang='lat' dir='ltr'><strong>increpat,</strong></span> <span class='ocrx_word' id='word_1_241' title='bbox 1189 2735 1239 2774; x_wconf 88' lang='lat' dir='ltr'><strong>so-</strong></span> 
     </span>
     <span class='ocr_line' id='line_1_29' title="bbox 194 2803 1237 2888; baseline -0.003 -22"><span class='ocrx_word' id='word_1_242' title='bbox 194 2818 269 2866; x_wconf 83' lang='lat' dir='ltr'><strong>nat:</strong></span> <span class='ocrx_word' id='word_1_243' title='bbox 286 2803 441 2865; x_wconf 70' lang='lat' dir='ltr'><strong>bellorum</strong></span> <span class='ocrx_word' id='word_1_244' title='bbox 449 2825 540 2886; x_wconf 74' lang='lat' dir='ltr'><strong>,quse</strong></span> <span class='ocrx_word' id='word_1_245' title='bbox 552 2819 646 2868; x_wconf 88' lang='lat' dir='ltr'><strong>movet</strong></span> <span class='ocrx_word' id='word_1_246' title='bbox 661 2829 667 2864; x_wconf 95' lang='lat'><strong>:</strong></span> <span class='ocrx_word' id='word_1_247' title='bbox 680 2828 848 2888; x_wconf 81' lang='lat' dir='ltr'><strong>equorum,</strong></span> <span class='ocrx_word' id='word_1_248' title='bbox 861 2827 938 2886; x_wconf 90' lang='lat' dir='ltr'><strong>quos</strong></span> <span class='ocrx_word' id='word_1_249' title='bbox 943 2807 1075 2888; x_wconf 76' lang='lat' dir='ltr'><strong>seientes</strong></span> <span class='ocrx_word' id='word_1_250' title='bbox 1088 2805 1237 2877; x_wconf 80' lang='lat' dir='ltr'><strong>immittit,</strong></span> 
     </span>
     <span class='ocr_line' id='line_1_30' title="bbox 193 2890 1238 2978; baseline -0.004 -22"><span class='ocrx_word' id='word_1_251' title='bbox 193 2897 289 2976; x_wconf 86' lang='lat' dir='ltr'><strong>etqui</strong></span> <span class='ocrx_word' id='word_1_252' title='bbox 304 2909 413 2955; x_wconf 89' lang='lat' dir='ltr'><strong>ventos</strong></span> <span class='ocrx_word' id='word_1_253' title='bbox 425 2895 517 2954; x_wconf 84' lang='lat' dir='ltr'><strong>etiam</strong></span> <span class='ocrx_word' id='word_1_254' title='bbox 529 2895 637 2957; x_wconf 86' lang='lat' dir='ltr'><strong>volatu</strong></span> <span class='ocrx_word' id='word_1_255' title='bbox 651 2909 813 2978; x_wconf 82' lang='lat' dir='ltr'><strong>superant,</strong></span> <span class='ocrx_word' id='word_1_256' title='bbox 826 2907 968 2978; x_wconf 79' lang='lat' dir='ltr'><strong>gemente</strong></span> <span class='ocrx_word' id='word_1_257' title='bbox 985 2907 1119 2954; x_wconf 87' lang='lat' dir='ltr'><strong>extrema</strong></span> <span class='ocrx_word' id='word_1_258' title='bbox 1133 2890 1238 2952; x_wconf 87' lang='lat' dir='ltr'><strong>adhuc</strong></span> 
     </span>
     <span class='ocr_line' id='line_1_31' title="bbox 193 2981 1238 3072; baseline -0.006 -28"><span class='ocrx_word' id='word_1_259' title='bbox 193 2998 224 3072; x_wconf 83' lang='lat' dir='ltr'><strong>et</strong></span> <span class='ocrx_word' id='word_1_260' title='bbox 238 2997 356 3044; x_wconf 84' lang='lat' dir='ltr'><strong>remota</strong></span> <span class='ocrx_word' id='word_1_261' title='bbox 376 2997 464 3064; x_wconf 81' lang='lat' dir='ltr'><strong>parte</strong></span> <span class='ocrx_word' id='word_1_262' title='bbox 483 2982 624 3043; x_wconf 80' lang='lat' dir='ltr'><strong>Thraciae</strong></span> <span class='ocrx_word' id='word_1_263' title='bbox 640 2984 680 3042; x_wconf 92' lang='lat' dir='ltr'><strong>ad</strong></span> <span class='ocrx_word' id='word_1_264' title='bbox 706 2983 832 3042; x_wconf 87' lang='lat' dir='ltr'><strong>illorum</strong></span> <span class='ocrx_word' id='word_1_265' title='bbox 854 2983 1047 3065; x_wconf 90' lang='lat' dir='ltr'><strong>impulsum.</strong></span> <span class='ocrx_word' id='word_1_266' title='bbox 1069 2981 1238 3054; x_wconf 88' lang='lat' dir='ltr'><strong>comitum,</strong></span> 
     </span>
     <span class='ocr_line' id='line_1_32' title="bbox 195 3063 968 3145; baseline 0.005 -15"><span class='ocrx_word' id='word_1_267' title='bbox 195 3067 268 3130; x_wconf 85' lang='lat' dir='ltr'><strong>nam</strong></span> <span class='ocrx_word' id='word_1_268' title='bbox 281 3093 362 3131; x_wconf 80' lang='lat' dir='ltr'><strong>circa</strong></span> <span class='ocrx_word' id='word_1_269' title='bbox 372 3070 462 3130; x_wconf 81' lang='lat' dir='ltr'><strong>illum</strong></span> <span class='ocrx_word' id='word_1_270' title='bbox 471 3063 624 3143; x_wconf 82' lang='lat' dir='ltr'><strong>Formido,</strong></span> <span class='ocrx_word' id='word_1_271' title='bbox 639 3073 712 3145; x_wconf 79' lang='lat' dir='ltr'><strong>Ine,</strong></span> <span class='ocrx_word' id='word_1_272' title='bbox 726 3071 854 3134; x_wconf 70' lang='lat' dir='ltr'><strong>Insidiae.</strong></span> <span class='ocrx_word' id='word_1_273' title='bbox 966 3137 968 3141; x_wconf 73' lang='grc'><strong>,</strong></span> 
     </span>
    </p>

    <p class='ocr_par' dir='ltr' id='par_1_6' title="bbox 193 3155 1240 3334">
     <span class='ocr_line' id='line_1_33' title="bbox 235 3155 1240 3244; baseline -0.002 -26"><span class='ocrx_word' id='word_1_274' title='bbox 235 3160 302 3240; x_wconf 82' lang='lat'>337.</span> <span class='ocrx_word' id='word_1_275' title='bbox 322 3160 434 3221; x_wconf 82' lang='lat' dir='ltr'><strong>Talem</strong></span> <span class='ocrx_word' id='word_1_276' title='bbox 449 3175 479 3221; x_wconf 85' lang='lat' dir='ltr'><strong>te</strong></span> <span class='ocrx_word' id='word_1_277' title='bbox 500 3160 583 3240; x_wconf 76' lang='lat' dir='ltr'><strong>finge</strong></span> <span class='ocrx_word' id='word_1_278' title='bbox 605 3162 747 3220; x_wconf 87' lang='lat' dir='ltr'><strong>Turnum</strong></span> <span class='ocrx_word' id='word_1_279' title='bbox 767 3181 908 3236; x_wconf 84' lang='lat' dir='ltr'><strong>cernere,</strong></span> <span class='ocrx_word' id='word_1_280' title='bbox 928 3181 1027 3244; x_wconf 88' lang='lat' dir='ltr'><strong>quum</strong></span> <span class='ocrx_word' id='word_1_281' title='bbox 1045 3155 1144 3218; x_wconf 82' lang='lat' dir='ltr'><strong>alacer</strong></span> <span class='ocrx_word' id='word_1_282' title='bbox 1165 3160 1240 3217; x_wconf 78' lang='lat' dir='ltr'><strong>inter</strong></span> 
     </span>
     <span class='ocr_line' id='line_1_34' title="bbox 193 3243 1237 3334; baseline -0.001 -27"><span class='ocrx_word' id='word_1_283' title='bbox 193 3245 296 3330; x_wconf 67' lang='lat' dir='ltr'><strong>praelia</strong></span> <span class='ocrx_word' id='word_1_284' title='bbox 306 3253 399 3329; x_wconf 79' lang='lat' dir='ltr'><strong>quatit</strong></span> <span class='ocrx_word' id='word_1_285' title='bbox 416 3271 502 3332; x_wconf 81' lang='lat' dir='ltr'><strong>equos</strong></span> <span class='ocrx_word' id='word_1_286' title='bbox 507 3251 659 3334; x_wconf 71' lang='lat' dir='ltr'><strong>stimantes</strong></span> <span class='ocrx_word' id='word_1_287' title='bbox 674 3251 792 3312; x_wconf 82' lang='lat' dir='ltr'><strong>sudore:</strong></span> <span class='ocrx_word' id='word_1_288' title='bbox 786 3271 908 3333; x_wconf 89' lang='lat' dir='ltr'><strong>·quum</strong></span> <span class='ocrx_word' id='word_1_289' title='bbox 925 3248 1133 3310; x_wconf 83' lang='lat' dir='ltr'><strong>insultuteoesis</strong></span> <span class='ocrx_word' id='word_1_290' title='bbox 1150 3243 1237 3306; x_wconf 80' lang='lat' dir='ltr'><strong>hosti·</strong></span> 
     </span>
    </p>
   </div>
   <div class='ocr_carea' id='block_1_3' title="bbox 122 3369 1236 3924">
    <p class='ocr_par' dir='ltr' id='par_1_7' title="bbox 122 3369 1236 3924">
     <span class='ocr_line' id='line_1_35' title="bbox 229 3369 1236 3444; baseline -0.007 -24"><span class='ocrx_word' id='word_1_291' title='bbox 229 3370 289 3420; x_wconf 82' lang='grc'>330.</span> <span class='ocrx_word' id='word_1_292' title='bbox 303 3369 414 3421; x_wconf 77' lang='lat' dir='ltr'><strong>Proterit</strong></span> <span class='ocrx_word' id='word_1_293' title='bbox 417 3383 586 3444; x_wconf 35' lang='lat' dir='ltr'><strong>wautraplas</strong></span> <span class='ocrx_word' id='word_1_294' title='bbox 600 3373 691 3424; x_wconf 74' lang='lat' dir='ltr'><strong>lullo·</strong></span> <span class='ocrx_word' id='word_1_295' title='bbox 771 3374 831 3441; x_wconf 73' lang='grc'>334.</span> <span class='ocrx_word' id='word_1_296' title='bbox 852 3373 959 3424; x_wconf 83' lang='lat' dir='ltr'><strong>Ultima.</strong></span> <span class='ocrx_word' id='word_1_297' title='bbox 978 3373 1035 3420; x_wconf 89' lang='lat' dir='ltr'><strong>Hoc</strong></span> <span class='ocrx_word' id='word_1_298' title='bbox 1052 3381 1105 3432; x_wconf 79' lang='lat' dir='ltr'><strong>est,</strong></span> <span class='ocrx_word' id='word_1_299' title='bbox 1124 3380 1196 3420; x_wconf 84' lang='lat' dir='ltr'><strong>tota:</strong></span> <span class='ocrx_word' id='word_1_300' title='bbox 1214 3369 1236 3418; x_wconf 87' lang='lat' dir='ltr'><strong>si</strong></span> 
     </span>
     <span class='ocr_line' id='line_1_36' title="bbox 194 3448 1236 3524; baseline -0.014 -12"><span class='ocrx_word' id='word_1_301' title='bbox 194 3465 274 3498; x_wconf 76' lang='lat'><strong>“¹³⁰⁰</strong></span> <span class='ocrx_word' id='word_1_302' title='bbox 292 3457 329 3510; x_wconf 90' lang='lat' dir='ltr'><strong>et,</strong></span> <span class='ocrx_word' id='word_1_303' title='bbox 349 3449 376 3498; x_wconf 93' lang='lat' dir='ltr'><strong>in</strong></span> <span class='ocrx_word' id='word_1_304' title='bbox 395 3450 453 3500; x_wconf 88' lang='lat' dir='ltr'><strong>aliis</strong></span> <span class='ocrx_word' id='word_1_305' title='bbox 474 3464 528 3503; x_wconf 86' lang='lat' dir='ltr'><strong>ant.</strong></span> <span class='ocrx_word' id='word_1_306' title='bbox 551 3453 609 3504; x_wconf 84' lang='lat' dir='ltr'><strong>lloo</strong></span> <span class='ocrx_word' id='word_1_307' title='bbox 627 3470 690 3504; x_wconf 83' lang='lat' dir='ltr'><strong>vero</strong></span> <span class='ocrx_word' id='word_1_308' title='bbox 735 3448 1009 3524; x_wconf 77' lang='lat' dir='ltr'><strong>enimgemitultimo,</strong></span> <span class='ocrx_word' id='word_1_309' title='bbox 1026 3448 1236 3500; x_wconf 87' lang='lat' dir='ltr'><strong>oinnissinedu·</strong></span> 
     </span>
     <span class='ocr_line' id='line_1_37' title="bbox 193 3527 1236 3603; baseline 0 -24"><span class='ocrx_word' id='word_1_310' title='bbox 193 3529 254 3580; x_wconf 90' lang='lat' dir='ltr'><strong>loeo</strong></span> <span class='ocrx_word' id='word_1_311' title='bbox 264 3527 383 3577; x_wconf 79' lang='lat' dir='ltr'><strong>Donatus</strong></span> <span class='ocrx_word' id='word_1_312' title='bbox 395 3531 445 3592; x_wconf 87' lang='lat' dir='ltr'><strong>ait,</strong></span> <span class='ocrx_word' id='word_1_313' title='bbox 461 3553 472 3575; x_wconf 73' lang='lat' dir='ltr'><strong><em>a</em></strong></span> <span class='ocrx_word' id='word_1_314' title='bbox 482 3533 691 3603; x_wconf 79' lang='lat' dir='ltr'><strong>Ausuasraptus</strong></span> <span class='ocrx_word' id='word_1_315' title='bbox 735 3533 789 3584; x_wconf 94' lang='lat' dir='ltr'><strong>bio.</strong></span> <span class='ocrx_word' id='word_1_316' title='bbox 808 3533 877 3584; x_wconf 86' lang='lat' dir='ltr'><strong>Serv.</strong></span> <span class='ocrx_word' id='word_1_317' title='bbox 892 3561 928 3570; x_wconf 85' lang='lat'><strong>-·</strong></span> <span class='ocrx_word' id='word_1_318' title='bbox 944 3530 1037 3582; x_wconf 82' lang='lat' dir='ltr'><strong>Gemit.</strong></span> <span class='ocrx_word' id='word_1_319' title='bbox 1055 3527 1196 3580; x_wconf 83' lang='lat' dir='ltr'><strong>Ambitiosi</strong></span> <span class='ocrx_word' id='word_1_320' title='bbox 1208 3530 1236 3579; x_wconf 86' lang='lat' dir='ltr'><strong>in</strong></span> 
     </span>
     <span class='ocr_line' id='line_1_38' title="bbox 193 3605 1235 3684; baseline -0.001 -24"><span class='ocrx_word' id='word_1_321' title='bbox 193 3605 302 3660; x_wconf 86' lang='lat' dir='ltr'><strong>hastas</strong></span> <span class='ocrx_word' id='word_1_322' title='bbox 296 3620 426 3676; x_wconf 77' lang='lat' dir='ltr'><strong>ingereret</strong></span> <span class='ocrx_word' id='word_1_323' title='bbox 437 3607 573 3673; x_wconf 80' lang='lat' dir='ltr'><strong>hostibus</strong></span> <span class='ocrx_word' id='word_1_324' title='bbox 587 3611 692 3663; x_wconf 80' lang='lat' dir='ltr'><strong>anhos-</strong></span> <span class='ocrx_word' id='word_1_325' title='bbox 736 3613 787 3666; x_wconf 85' lang='lat' dir='ltr'><strong>hae</strong></span> <span class='ocrx_word' id='word_1_326' title='bbox 802 3633 830 3664; x_wconf 85' lang='lat' dir='ltr'><strong>re</strong></span> <span class='ocrx_word' id='word_1_327' title='bbox 842 3623 928 3684; x_wconf 84' lang='lat' dir='ltr'><strong>poetae</strong></span> <span class='ocrx_word' id='word_1_328' title='bbox 943 3610 984 3662; x_wconf 91' lang='lat' dir='ltr'><strong>vel</strong></span> <span class='ocrx_word' id='word_1_329' title='bbox 1001 3608 1036 3661; x_wconf 87' lang='lat' dir='ltr'><strong>ad</strong></span> <span class='ocrx_word' id='word_1_330' title='bbox 1049 3608 1235 3660; x_wconf 78' lang='lat' dir='ltr'><strong>ostentandam</strong></span> 
     </span>
     <span class='ocr_line' id='line_1_39' title="bbox 193 3685 1235 3784; baseline -0.002 -44"><span class='ocrx_word' id='word_1_331' title='bbox 193 3686 264 3740; x_wconf 86' lang='lat' dir='ltr'><strong>tibus</strong></span> <span class='ocrx_word' id='word_1_332' title='bbox 278 3696 382 3755; x_wconf 74' lang='lat' dir='ltr'><strong>ruptae,</strong></span> <span class='ocrx_word' id='word_1_333' title='bbox 396 3685 424 3737; x_wconf 93' lang='lat' dir='ltr'><strong>id</strong></span> <span class='ocrx_word' id='word_1_334' title='bbox 435 3702 502 3755; x_wconf 85' lang='lat' dir='ltr'><strong>est,</strong></span> <span class='ocrx_word' id='word_1_335' title='bbox 505 3691 658 3756; x_wconf 81' lang='lat' dir='ltr'><strong>sublatas3&#39;</strong></span> <span class='ocrx_word' id='word_1_336' title='bbox 651 3711 692 3744; x_wconf 91' lang='lat' dir='ltr'><strong>m·</strong></span> <span class='ocrx_word' id='word_1_337' title='bbox 736 3695 883 3784; x_wconf 79' lang='lat' dir='ltr'><strong>poeticam,</strong></span> <span class='ocrx_word' id='word_1_338' title='bbox 899 3689 941 3741; x_wconf 92' lang='lat' dir='ltr'><strong>vel</strong></span> <span class='ocrx_word' id='word_1_339' title='bbox 958 3688 992 3740; x_wconf 88' lang='lat' dir='ltr'><strong>ad</strong></span> <span class='ocrx_word' id='word_1_340' title='bbox 1009 3688 1174 3741; x_wconf 80' lang='lat' dir='ltr'><strong>excitandam</strong></span> <span class='ocrx_word' id='word_1_341' title='bbox 1188 3687 1235 3740; x_wconf 80' lang='lat' dir='ltr'><strong>ed·</strong></span> 
     </span>
     <span class='ocr_line' id='line_1_40' title="bbox 193 3761 1234 3825; baseline -0.005 -3"><span class='ocrx_word' id='word_1_342' title='bbox 193 3779 296 3822; x_wconf 86' lang='lat' dir='ltr'><strong>eertum</strong></span> <span class='ocrx_word' id='word_1_343' title='bbox 311 3777 366 3816; x_wconf 86' lang='lat' dir='ltr'><strong>est:</strong></span> <span class='ocrx_word' id='word_1_344' title='bbox 380 3767 473 3820; x_wconf 87' lang='lat' dir='ltr'><strong>melius</strong></span> <span class='ocrx_word' id='word_1_345' title='bbox 486 3783 575 3824; x_wconf 77' lang='lat' dir='ltr'><strong>tumen</strong></span> <span class='ocrx_word' id='word_1_346' title='bbox 588 3785 617 3822; x_wconf 89' lang='lat' dir='ltr'><strong>ut</strong></span> <span class='ocrx_word' id='word_1_347' title='bbox 629 3789 690 3825; x_wconf 88' lang='lat' dir='ltr'><strong>suas</strong></span> <span class='ocrx_word' id='word_1_348' title='bbox 735 3773 912 3824; x_wconf 82' lang='lat' dir='ltr'><strong>mirationem.</strong></span> <span class='ocrx_word' id='word_1_349' title='bbox 920 3768 1073 3825; x_wconf 68' lang='lat' dir='ltr'><strong>-Thraca,</strong></span> <span class='ocrx_word' id='word_1_350' title='bbox 1082 3761 1234 3820; x_wconf 82' lang='lat' dir='ltr'><strong>Graecorum</strong></span> 
     </span>
     <span class='ocr_line' id='line_1_41' title="bbox 122 3845 1234 3924; baseline -0.004 -21"><span class='ocrx_word' id='word_1_351' title='bbox 122 3876 124 3883; x_wconf 62' lang='lat'><strong><em>¹</em></strong></span> <span class='ocrx_word' id='word_1_352' title='bbox 151 3848 153 3854; x_wconf 64' lang='grc'>’</span> <span class='ocrx_word' id='word_1_353' title='bbox 192 3848 327 3919; x_wconf 80' lang='lat' dir='ltr'><strong>rapuisse,</strong></span> <span class='ocrx_word' id='word_1_354' title='bbox 337 3858 363 3897; x_wconf 87' lang='lat' dir='ltr'><strong>et</strong></span> <span class='ocrx_word' id='word_1_355' title='bbox 374 3845 512 3901; x_wconf 80' lang='lat' dir='ltr'><strong>hostibus</strong></span> <span class='ocrx_word' id='word_1_356' title='bbox 505 3870 691 3924; x_wconf 74' lang='lat' dir='ltr'><strong>ingessissem</strong></span> <span class='ocrx_word' id='word_1_357' title='bbox 734 3853 837 3904; x_wconf 80' lang='lat' dir='ltr'><strong>forma·</strong></span> <span class='ocrx_word' id='word_1_358' title='bbox 831 3850 960 3902; x_wconf 76' lang='lat' dir='ltr'><strong>Iliracia</strong></span> <span class='ocrx_word' id='word_1_359' title='bbox 971 3868 1041 3901; x_wconf 88' lang='lat' dir='ltr'><strong>emm</strong></span> <span class='ocrx_word' id='word_1_360' title='bbox 1051 3848 1102 3900; x_wconf 79' lang='lat' dir='ltr'><strong>illis</strong></span> <span class='ocrx_word' id='word_1_361' title='bbox 1115 3846 1195 3916; x_wconf 69' lang='grc' dir='ltr'><strong>Θρίιιι</strong></span> <span class='ocrx_word' id='word_1_362' title='bbox 1208 3860 1234 3899; x_wconf 87' lang='lat' dir='ltr'><strong>et</strong></span> 
     </span>
    </p>
   </div>
   <div class='ocr_carea' id='block_1_4' title="bbox 192 3927 1234 4078">
    <p class='ocr_par' dir='ltr' id='par_1_8' title="bbox 192 3927 1234 4078">
     <span class='ocr_line' id='line_1_42' title="bbox 194 3927 1234 4004; baseline -0.001 -23"><span class='ocrx_word' id='word_1_363' title='bbox 194 3929 296 3981; x_wconf 81' lang='lat' dir='ltr'><strong>deutur.</strong></span> <span class='ocrx_word' id='word_1_364' title='bbox 309 3950 319 3972; x_wconf 82' lang='lat' dir='ltr'><strong>n</strong></span> <span class='ocrx_word' id='word_1_365' title='bbox 338 3927 410 3998; x_wconf 59' lang='lat' dir='ltr'><strong>pier„</strong></span> <span class='ocrx_word' id='word_1_366' title='bbox 419 3930 530 3983; x_wconf 82' lang='lat' dir='ltr'><strong>-Vide</strong></span> <span class='ocrx_word' id='word_1_367' title='bbox 544 3945 625 4004; x_wconf 82' lang='lat' dir='ltr'><strong>supra</strong></span> <span class='ocrx_word' id='word_1_368' title='bbox 642 3933 688 3986; x_wconf 91' lang='lat' dir='ltr'><strong>lib.</strong></span> <span class='ocrx_word' id='word_1_369' title='bbox 735 3930 810 4001; x_wconf 73' lang='lat' dir='ltr'><strong>episi</strong></span> <span class='ocrx_word' id='word_1_370' title='bbox 822 3954 828 3982; x_wconf 77' lang='grc' dir='ltr'><strong>ι</strong></span> <span class='ocrx_word' id='word_1_371' title='bbox 841 3931 913 3982; x_wconf 81' lang='lat' dir='ltr'><strong>u&#39;nde</strong></span> <span class='ocrx_word' id='word_1_372' title='bbox 923 3932 1024 3983; x_wconf 89' lang='lat' dir='ltr'><strong>Latinis</strong></span> <span class='ocrx_word' id='word_1_373' title='bbox 1035 3949 1142 4002; x_wconf 81' lang='lat' dir='ltr'><strong>quoque</strong></span> <span class='ocrx_word' id='word_1_374' title='bbox 1154 3930 1234 3984; x_wconf 78' lang='lat' dir='ltr'><strong>Tlire·</strong></span> 
     </span>
     <span class='ocr_line' id='line_1_43' title="bbox 192 4005 1056 4078; baseline -0.019 -1"><span class='ocrx_word' id='word_1_375' title='bbox 192 4009 242 4073; x_wconf 83' lang='lat' dir='ltr'><strong>IX,</strong></span> <span class='ocrx_word' id='word_1_376' title='bbox 255 4025 279 4058; x_wconf 70' lang='lat' dir='ltr'><strong>V·</strong></span> <span class='ocrx_word' id='word_1_377' title='bbox 295 4005 352 4075; x_wconf 72' lang='lat'>753·</span> <span class='ocrx_word' id='word_1_378' title='bbox 734 4031 778 4078; x_wconf 86' lang='lat' dir='ltr'><strong>ca,</strong></span> <span class='ocrx_word' id='word_1_379' title='bbox 791 4011 902 4076; x_wconf 77' lang='lat' dir='ltr'><strong>Thrace,</strong></span> <span class='ocrx_word' id='word_1_380' title='bbox 914 4024 941 4063; x_wconf 88' lang='lat' dir='ltr'><strong>et</strong></span> <span class='ocrx_word' id='word_1_381' title='bbox 954 4011 1056 4062; x_wconf 77' lang='lat' dir='ltr'><strong>Threee.</strong></span> 
     </span>
    </p>
   </div>
   <div class='ocr_carea' id='block_1_5' title="bbox 0 0 1368 4588">
    <p class='ocr_par' dir='ltr' id='par_1_9' title="bbox 0 0 1368 4588">
     <span class='ocr_line' id='line_1_44' title="bbox 0 0 1368 4588; baseline 0 0"><span class='ocrx_word' id='word_1_382' title='bbox 0 0 1368 4588; x_wconf 95' lang='lat' dir='ltr'><strong> </strong></span> 
     </span>
    </p>
   </div>
  </div>
 </body>
</html>
