2720 4588
328 307 377 370 rr
404 301 640 370 ramnes
663 305 756 370 nra.
781 309 867 371 xri.
1058 278 1119 381 205

114 431 163 512 75.
177 433 295 491 Nactus
306 431 428 490 Turnus
441 431 595 511 egregiam
609 431 806 490 occasionem
821 431 998 492 ostentandi
1008 441 1122 496 amoris
1149 501 1154 508 .

79 521 122 578 sni
142 541 215 602 erga
235 521 415 595 Lemniam,
434 533 470 578 ut
485 517 662 598 rideatilla
677 531 706 578 et
723 520 829 593 audiat
843 521 967 582 nullum
983 545 1040 604 pro
1056 528 1123 607 ipsa

80 607 242 670 detrectari
265 610 455 692 periculum,
479 629 643 680 conversus
666 607 704 667 ad
728 609 905 686 ldmonem,
923 610 1012 692 jubet
1033 613 1123 674 illum

81 697 228 758 mandata
242 699 282 758 ad
295 701 412 758 AEnean
424 697 575 780 perferre,
595 711 632 756 ut
645 703 784 778 sequenti
799 702 901 771 statim
914 702 964 760 die
978 706 1125 764 exercitus

82 785 195 847 ahello
207 803 340 862 cessent
356 802 385 848 et
398 809 483 847 arma
496 787 633 846 militum
646 790 885 876 conquiescant
898 811 971 850 nam
982 813 1068 868 meo,
1081 795 1126 853 in·

83 878 164 956 quit,
185 893 215 936 et
229 876 315 936 illius
331 881 481 958 sanguine
495 877 613 936 bellurn
625 853 736 936 dirimi
745 897 868 938 necesse
882 893 941 953 est3
963 901 1000 940 eo
1014 903 1134 966 campo

13 975 14 994 ¹
83 979 239 1047 quaretur
251 987 329 1026 uxor
340 968 470 1028 Lavinia
478 965 673 1048 ,singulari
665 981 747 1028 inter
761 988 820 1051 nos
830 967 908 1028 duos
919 983 1040 1030 tantum
1051 992 1127 1032 con-

13 1115 14 1118 ,
83 1073 199 1134 gressu.

121 1145 169 1202 81.
190 1142 330 1205 Bellandi
345 1143 472 1202 avidum
487 1143 607 1204 indicat
621 1164 656 1202 ex
672 1143 851 1224 rapiditate,
872 1109 933 1224 qua
949 1145 1021 1204 inde
1035 1167 1130 1208 reces-

84 1227 136 1302 sit3
151 1251 189 1290 ex
201 1226 380 1312 diligentia
395 1251 457 1310 qua
472 1251 568 1311 equos
581 1231 700 1312 poscit
720 1251 770 1288 vix
782 1243 942 1305 nominat
955 1245 984 1290 et
994 1251 1059 1310 Jam
1075 1232 1129 1292 ad

84 1333 156 1378 sunt
168 1333 240 1378 ante
253 1329 323 1390 ora3
338 1317 513 1400 gaudetque
526 1319 634 1378 audito
648 1317 776 1378 illorum
788 1317 924 1378 fremitu.
976 1365 978 1372 .

123 1409 171 1468 83.
184 1411 363 1490 Sequuntur
374 1405 475 1489 elogia
489 1429 660 1489 equorum:
676 1409 816 1489 primum
829 1429 845 1466 a
859 1409 968 1488 primis
978 1429 1131 1490 possesso·

86 1497 186 1572 ribus;
197 1499 325 1559 fuerunt
339 1499 423 1558 enim
438 1496 588 1576 Orithyia
601 1499 727 1578 Reginae
741 1496 911 1570 Thracum3
926 1510 955 1557 et
967 1498 1033 1558 dati
1047 1499 1131 1561 dono

86 1599 234 1667 tanquam
250 1587 282 1646 in
297 1585 382 1645 decus
398 1605 513 1666 magno
531 1585 669 1666 Principi
686 1583 835 1644 Italorum
852 1583 1008 1658 Pilumno,-
1027 1586 1133 1667 quales

89 1696 159 1756 ergo
179 1675 248 1735 illi?
267 1673 380 1736 deinde
399 1695 416 1732 a
436 1673 587 1749 candore,
606 1695 668 1756 quo
682 1675 769 1734 nives
776 1697 784 1750 3
802 1676 893 1734 tertio
907 1695 924 1734 a
938 1676 1133 1756 pernicitate,

88 1783 146 1842 qua
161 1783 252 1822 auras
265 1761 462 1842 superabant.

126 1850 175 1908 85
194 1847 263 1908 En
251 1870 318 1929 Jam
332 1847 449 1906 ’διακονία
461 1849 655 1930 aurigarum,
675 1850 729 1930 qui
743 1851 944 1922 circumstant,
966 1861 996 1908 et
1006 1871 1134 1933 propert,

90 1958 122 1996 ac
140 1935 284 1998 lacessant
302 1937 436 1998 monibus
454 1950 605 2019 tanquam
626 1941 845 2020 provocaturi,
864 1938 992 2000 illorum
1008 1957 1135 2022 pectora.

88 2027 216 2108 Egregie
229 2024 307 2086 illud
315 2023 439 2108 ,plarrsa
450 2029 528 2086 cavis
538 2027 687 2102 manibus,
698 2050 733 2088 ex
744 2027 961 2088 blandimento
972 2049 1136 2110 equorum.

64 2164 67 2170 .
90 2116 223 2184 Demum
245 2129 364 2197 pectunt
385 2109 464 2175 colla
486 2117 649 2189 comantia,
671 2114 704 2174 id
726 2129 786 2190 est,
808 2129 937 2175 comunt
958 2129 987 2175 et
1009 2131 1138 2198 pectunt

90 2202 166 2262 colla
182 2218 212 2262 et
224 2200 328 2304 jubas.

128 2293 176 2372 87.
191 2288 239 2348 Ab
253 2291 340 2372 equis
354 2290 393 2349 ad
406 2290 565 2348 Turnum:
580 2302 651 2350 ante
666 2291 772 2349 omnia
787 2274 916 2348 loricam
929 2289 1042 2349 induit.
1058 2293 1137 2352 Puto
1182 2316 1184 2320 ·

92 2396 213 2438 tersum
225 2399 289 2438 esse
300 2376 483 2438 difficilem:
477 2399 553 2458 ,ego
564 2379 608 2436 sic
618 2377 752 2458 explico,
764 2391 799 2435 ut
809 2378 939 2436 materia
950 2376 1053 2436 loricae
1059 2393 1140 2438 esset

94 2487 126 2526 cx
138 2467 316 2544 orichalco,
329 2488 398 2548 quae
412 2481 517 2527 tamen
528 2487 604 2526 auro
616 2465 791 2548 squalleret.
802 2467 909 2547 Itaque
919 2466 1078 2527 circumdat
1089 2466 1141 2528 hu·

126 2613 168 2666 79.
185 2597 281 2647 Nostro
298 2592 450 2645 dirimamus
467 2594 595 2667 sanquine
640 2595 766 2654 sentiam,
779 2606 833 2645 tam
845 2593 961 2645 alienum
974 2611 1054 2664 quam
1067 2591 1142 2669 Criu-¹

94 2673 197 2726 bellum.
208 2677 279 2726 Bene
290 2673 449 2724 seomnibus
463 2692 595 2726 commen·
640 2676 679 2738 ci,
698 2671 750 2724 hoc
771 2672 926 2744 figmentum
944 2673 1066 2743 accipere
1086 2693 1141 2725 non

13 2791 14 2796 .
94 2751 595 2823 dathocdicto:siquidemsuumsan·
639 2771 773 2825 possum:
799 2771 861 2804 narn
886 2767 912 2804 et
937 2753 1047 2824 hospitii
1071 2754 1144 2806 dona

93 2835 199 2902 guinem
212 2851 263 2904 pro
274 2833 347 2882 omni
356 2831 429 2883 hello
440 2831 505 2883 dicit
516 2850 595 2903 posse
641 2831 748 2896 multas,
757 2833 826 2882 inter
835 2832 958 2882 absentes
966 2831 1085 2900 locisque
1094 2831 1145 2884 dis·

96 2912 227 2966 sufficere.
242 2914 313 2966 Serv.
595 2957 597 2964 ,
640 2913 762 2981 junctos,
778 2910 908 2961 amicitias
919 2909 1071 2966 traditavel
1082 2915 1145 2964 mis..

129 2993 171 3044 82.
181 2993 270 3044 Poscit
276 3011 361 3064 equos,
371 2992 519 3066 gaudetque
527 3003 599 3044 tuens
644 2993 723 3042 sitata
731 2988 849 3056 junxisse
861 2999 963 3038 certum
976 3000 1029 3052 est,
1049 3007 1080 3040 ex
1093 2992 1145 3042 Ho-

96 3083 155 3122 ante
166 3091 212 3124 ora
217 3072 368 3143 frementes.
382 3070 473 3131 Solent
485 3073 555 3122 enim
568 3090 600 3122 ex
644 3087 734 3136 mero,
764 3068 919 3138 caeterisque
946 3067 1100 3120 auctoribus
1121 3084 1147 3122 et

13 3163 14 3166 ’
97 3171 227 3222 equorum
239 3149 281 3204 vel
294 3153 433 3217 moestitia,
453 3150 493 3202 vel
507 3150 600 3202 alacri·
645 3153 741 3223 poetis.
759 3152 844 3202 Germ.

99 3232 440 3299 tate,eventumluturnm
449 3228 601 3282 dimicaturi
682 3227 996 3302 87.Alboqueoriclralco.
1006 3229 1085 3300 Apud
1095 3251 1148 3285 ma.

99 3311 233 3383 colligere.
258 3313 328 3362 Scru.
346 3341 378 3348 -
393 3309 521 3362 Pilumno
539 3328 602 3382 quos
644 3315 717 3382 jores
731 3309 897 3361 orichalcum
912 3310 1052 3380 pretiosius
1065 3316 1149 3364 omni-

99 3390 153 3460 ipsa
164 3391 241 3442 decas
252 3389 322 3442 dedit
335 3389 462 3460 Orithyia.
476 3388 603 3442 Defendit
647 3390 698 3441 hus
720 3390 771 3440 fuit
791 3386 912 3438 metallis.
932 3387 1057 3461 ,Namque
1081 3394 1149 3444 sieut

99 3488 114 3520 a
126 3469 289 3524 Criticorum
305 3470 513 3542 reprehensione
531 3469 603 3522 hunc
649 3468 787 3519 Lucretius
796 3465 874 3530 dicit,
887 3471 1092 3538 quamprimum
1101 3472 1150 3524 ho-

100 3549 189 3602 loeum
208 3549 352 3602 Turnebus
371 3551 472 3616 XXIII,
493 3551 538 3616 ¹4³
559 3552 605 3620 qui
650 3549 734 3598 mines
754 3545 832 3596 silvas
855 3545 1049 3617 incendissent,
1067 3552 1152 3604 nulla·

101 3645 180 3701 negat
192 3632 371 3702 incongruum
382 3647 453 3696 esse,
465 3629 543 3682 deam
553 3629 604 3681 deo
651 3646 710 3678 rum
721 3624 808 3676 adhuc
819 3643 907 3676 rerum
919 3629 1013 3696 periti,
1027 3642 1098 3682 terra
1108 3651 1150 3684 ca·

102 3729 184 3780 equos
198 3710 330 3762 Thracios
347 3710 501 3772 donavisse;
523 3729 604 3782 quum
652 3727 683 3760 su
706 3705 802 3758 fertilis
825 3708 957 3772 omniurn,
982 3728 1013 3760 ex
1035 3712 1153 3766 incendii

105 3803 129 3850 et
140 3789 227 3859 &priam
237 3788 466 3859 aoampiporvocct
474 3791 606 3853 Hesiodus
652 3788 741 3841 calore
763 3785 905 3838 desudavit
924 3789 1031 3848 metalla
1051 3815 1056 3844 :
1077 3795 1154 3851 ,inter
1243 3815 1248 3824 ·

106 3870 348 3941 etThracesequps
357 3872 456 3941 passim
464 3873 606 3937 Homerus,
654 3887 712 3940 quae
729 3865 894 3918 orichalcum
910 3869 1051 3938 pretiosius
1068 3874 1153 3924 visum

107 3960 133 3999 et
140 3951 197 4020 ipse
204 3951 294 4016 Maro,
305 3950 467 4002 carminibus
476 3970 609 4003 commen
654 3961 708 4014 est,
728 3945 801 4017 quod
820 3959 846 3998 et
864 3946 1034 4018 splendorem
1052 3953 1110 4008 auri
1128 3967 1154 4004 et

108 4025 180 4080 dent.
197 4030 254 4100 Ego
268 4042 355 4096 certe,
370 4041 400 4082 ut
412 4047 473 4082 cum
482 4029 608 4084 Tumeho
656 4029 713 4082 aris
733 4025 857 4080 duritiem
878 4027 1086 4096 possideret-
1104 4031 1155 4082 Cir·
