2704 4582
330 322 382 384 IN
406 319 640 386 AENEIDOS
663 321 756 384 LIB.
781 323 844 385 XI.
1045 317 1103 391 165

9 435 11 478 i
59 439 201 518 signiret,
214 445 265 502 cui
280 444 379 502 virtus
394 445 426 501 in
445 442 565 524 lingua,
580 445 629 503 cui
642 445 727 524 larga
739 444 827 504 fandi
845 448 950 526 copia,
964 449 1018 528 qui
1034 461 1116 507 taur

9 571 10 580 a
61 541 124 586 tum
146 531 279 612 eloquio
301 531 444 592 tonaret?
463 531 595 612 Adjicit,
615 537 704 613 possit
722 535 793 614 quid
812 536 907 594 vivida
924 538 1028 610 virtus,
1050 550 1106 594 etc.

59 616 193 678 Perinde
206 641 244 679 ac
257 624 282 680 si
295 621 393 680 dicat:
408 625 451 680 vis
465 623 542 680 scire
555 635 623 680 uter
633 624 773 681 nostrum
786 617 907 698 fortior,
919 637 968 698 tu,
980 644 1019 682 an
1033 621 1108 712 ego?

62 703 176 766 adsunt
191 707 313 781 hostes,
328 731 391 768 non
403 709 496 790 longe
510 708 557 767 illi
570 707 741 790 quaerendi,
753 725 789 768 ut
803 697 857 789 riui
869 732 973 770 muros
987 725 1108 770 nostros

62 796 277 859 circumstant.
293 803 375 860 lmus
385 804 415 860 in
425 800 576 859 adversos?
587 801 629 858 ita
640 814 788 880 provocat
798 801 836 858 ad
847 802 995 860 eundum.
1007 801 1108 860 Cessa-

62 879 112 942 bat
126 887 283 963 Drances,
303 889 374 949 ideo
387 889 458 970 quid
470 893 580 949 cessas?
595 891 645 949 An
661 887 710 948 tibi
720 891 839 948 Mavors
853 910 1012 949 armerum
1026 891 1108 948 Deus

62 973 90 1030 in
98 971 202 1056 [inuata
210 981 350 1038 ventoso?
357 981 431 1060 quia
439 979 567 1044 dixerat,
577 975 678 1036 uolunt
687 975 837 1050 tibiverba,
849 991 878 1036 et
886 981 918 1036 in
926 977 1044 1059 pedibus
1050 979 1110 1036 istis

63 1060 220 1142 (δεικτικῶς)
224 1065 386 1148 fuyocibus
391 1113 399 1141 ,
411 1065 491 1125 nibil
502 1067 584 1124 enim
595 1066 694 1144 magis
708 1085 725 1122 a
739 1067 838 1124 Marte
850 1064 1003 1139 alienum,
1014 1085 1109 1144 quam

63 1146 145 1228 fuga.
160 1153 260 1214 Notat
272 1157 334 1215 Jul.
348 1157 424 1216 Scal.
438 1177 505 1236 cap.
520 1154 571 1229 24,
585 1155 655 1214 libr.
668 1156 696 1214 3.
713 1155 795 1214 Poet.
811 1153 893 1212 hanc
906 1155 1033 1234 proprie
1047 1173 1110 1211 esse

64 1239 303 1301 translationem
315 1246 468 1320 criminis,
481 1263 554 1302 narn
567 1262 665 1321 quum
680 1262 743 1300 non
757 1243 854 1322 possit
866 1263 977 1320 negare
988 1243 1110 1298 Turnus

64 1323 182 1405 objecta
200 1333 219 1388 b
234 1333 372 1408 Drance,
386 1333 543 1407 videlicet,
557 1351 631 1390 caesa
646 1343 693 1390 tot
712 1332 824 1390 civium
845 1331 959 1404 millia,
980 1344 1011 1388 et
1027 1349 1111 1408 mag·

64 1434 133 1475 nam
149 1429 301 1500 stragem,
315 1433 345 1481 et
356 1422 436 1482 hanc
452 1443 508 1480 sua
523 1441 632 1494 causa,
647 1419 791 1479 transfert
803 1421 920 1479 crimen
933 1417 1109 1500 objiciendo

63 1502 175 1565 Dranci
189 1509 364 1588 ignaviam,
377 1526 413 1570 ut
427 1531 493 1569 rem
506 1509 603 1570 leniat
616 1509 654 1566 ab
670 1508 859 1588 indignitate
877 1527 1014 1595 personae
1028 1505 1109 1584 obji-

65 1607 181 1653 cientis.
542 1615 553 1652 s

100 1679 169 1758 392.
187 1683 374 1746 Deseruerat
393 1689 490 1746 aciem
505 1688 626 1746 'Parnm
643 1694 820 1742 commento
835 1685 985 1756 lunonis,
1001 1694 1038 1741 ut
1054 1679 1108 1738 ba-

9 1757 12 1780 '
66 1762 156 1828 betur
171 1773 291 1835 AEneid.
309 1775 364 1836 lib.
383 1779 424 1853 X,
439 1775 511 1850 6453
528 1797 590 1854 quo
608 1774 755 1854 spectavit
773 1793 865 1854 supra
879 1777 1015 1832 Drances
1030 1769 1110 1842 illis,

65 1875 136 1932 pone
150 1865 281 1938 animos,
301 1878 330 1926 ot
344 1864 443 1946 pulsus
459 1863 517 1922 abi.
535 1863 616 1941 Ergo
632 1880 716 1918 nunc
732 1861 871 1932 Turnus3
889 1881 979 1941 epona
995 1857 1109 1940 pulsus,

68 1945 115 2020 qui
126 1951 235 2026 potius
248 1950 360 2011 illusus
371 1974 454 2032 sum,
469 1963 506 2009 ut
518 1952 616 2008 aciem
630 1945 819 2006 desererem?
830 1947 1027 2028 osoedtssae'me,
1037 1945 1112 2024 quis·

67 2051 152 2109 quum
165 2057 206 2095 ne
218 2038 293 2098 inde
304 2042 514 2122 orpuetmerito
525 2059 570 2096 me
578 2033 711 2118 pulsum?
723 2037 818 2112 Quasi
829 2034 911 2094 dicat
921 2058 927 2092 ε
938 2033 1111 2094 foedissima

68 2133 120 2196 est,
136 2139 166 2183 et
182 2127 422 2190 inscientissirna
437 2131 493 2188 ista
512 2142 565 2187 tua
583 2124 820 2206 argumentandi
837 2126 935 2183 ratio:
951 2143 1042 2193 nam,
1057 2121 1112 2200 qui

69 2205 124 2269 dici
134 2229 239 2293 potest
248 2216 331 2277 bello
341 2216 450 2299 pulsus,
460 2215 647 2298 qui'l'ybrinr
654 2212 791 2290 Trojano
803 2211 953 2290 sanguino
961 2213 1004 2268 ita
1012 2209 1111 2279 auxit,

70 2309 101 2354 ut
111 2301 272 2364 tumidum
284 2304 406 2364 fecerit?
415 2305 470 2386 qui
483 2302 619 2364 Evandri
630 2301 760 2359 domum
771 2299 910 2377 stirpitus
922 2297 1113 2354 comminue-

70 2385 121 2460 rit,
133 2391 302 2454 interfecto
317 2408 407 2468 nato,
420 2415 454 2454 ac
467 2391 599 2474 proinde
612 2381 755 2468 adempta
770 2389 812 2444 in·
821 2405 913 2443 omne
929 2403 1028 2441 aevum
1043 2401 1112 2461 pos·

72 2483 128 2534 tera
147 2480 274 2542 sobole?
291 2485 345 2564 qui
363 2483 493 2544 Arcadas
510 2483 605 2542 armis
624 2475 761 2538 exuerit?
778 2475 834 2533 His
849 2471 1013 2555 probavit,
1031 2469 1113 2528 foede

73 2561 239 2628 admodum
252 2572 438 2653 increpitum
451 2593 481 2631 se
492 2591 507 2628 a
519 2572 650 2628 Drance.

107 2655 175 2734 396.
191 2661 262 2720 Non
277 2675 443 2722 contentus
457 2663 580 2720 Turnus
594 2657 642 2717 bis
657 2653 848 2716 successibus
863 2655 893 2712 in
910 2650 1034 2710 laudem
1051 2649 1115 2720 sui,

76 2741 154 2806 addit
169 2751 333 2828 virtutem,
351 2770 412 2832 qua
429 2751 596 2832 prostravit
613 2749 753 2828 gigantes
770 2744 848 2803 duos
863 2745 973 2808 Bitiam
992 2753 1021 2799 et
1037 2741 1116 2798 Pan-

75 2834 191 2896 darum:
205 2854 236 2899 et
247 2861 309 2921 qua
316 2840 458 2924 infinitos
469 2838 545 2898 alios
557 2835 712 2896 interfecit
722 2835 772 2893 die
783 2851 844 2889 una
853 2875 861 2904 ,
871 2829 966 2909 idque
977 2826 1116 2886 inclusus

76 2929 166 2986 muris
181 2925 364 2988 hostilibus:
378 2926 534 2986 habentur
546 2929 603 2984 ista
616 2923 654 2982 ad
668 2921 785 2980 calcem
799 2918 872 2977 libri
888 2918 965 2974 noni
977 2913 1102 3009 AEneid.¹

111 3013 176 3092 399.
196 3015 325 3074 Dixerat
343 3016 494 3074 Drances:
514 3011 598 3074 nulla
617 3009 696 3071 salus
715 3006 805 3079 bello,
826 3005 878 3064 sed
898 3023 990 3084 pace:
1007 3011 1119 3079 repetit

9 3167 10 3178 ¹
78 3100 194 3162 Turnus
209 3107 343 3180 ironice,
361 3118 390 3164 et
407 3105 508 3178 addit,
524 3105 612 3185 copiti
628 3121 717 3172 cane,
735 3114 792 3160 etc.
810 3095 898 3178 quasi
918 3092 1019 3163 dicat,
1038 3087 1130 3190 banc!

9 3183 10 3246 J
80 3191 192 3251 nullam
207 3193 338 3254 salutem
354 3216 443 3267 conc,
461 3215 496 3253 ac
514 3194 637 3266 divina,
655 3212 754 3270 augur
771 3183 1018 3262 dementissime,
1033 3188 1120 3257 ΰᾶΡῑΐῑ

80 3280 225 3342 Dardanio
246 3283 327 3363 (non
345 3285 490 3344 nominat
508 3285 655 3361 AEneam,
675 3281 714 3340 ad
736 3273 969 3362 contemptum)
990 3281 1019 3326 et
1038 3265 1121 3325 rebus

82 3372 137 3428 tuis.
151 3373 279 3432 Proinde
295 3378 412 3449 omnia,
429 3387 485 3434 otc.
505 3373 662 3445 Sententia
681 3383 741 3430 cst:
760 3387 857 3449 quum
875 3376 983 3444 putes,
1000 3353 1121 3418 nullam

83 3534 196 3600 oratione
226 3549 354 3602 Thersitae
386 3551 577 3621 loquacitatem
622 3560 670 3600 tus.
688 3545 783 3608 ldest,
801 3555 860 3606 tua,
875 3537 1078 3590 velcertemea.
1094 3533 1121 3584 S·

85 3631 321 3702 castigatUlysses,
334 3633 364 3682 11.
377 3641 402 3682 Β.
421 3631 529 3682 Taubm.
659 3626 720 3693 389.
743 3625 816 3676 Imus
835 3621 861 3670 in
881 3617 1004 3668 adversm.
1023 3611 1123 3702 Contra

116 3705 173 3760 386.
195 3713 307 3784 lusionis
328 3731 410 3784 apros.
431 3711 578 3773 Nobilitas,
624 3703 701 3769 illud,
714 3727 724 3749 r
736 3701 811 3753 il'lum
820 3700 909 3768 aspice
918 3705 1010 3746 contra
1021 3692 1125 3756 Qurvo·

87 3783 224 3838 clarificas:
243 3806 304 3838 nam
316 3793 429 3842 verbum
444 3803 484 3842 est
502 3789 580 3860 insip·
626 3800 678 3838 cat.
688 3809 699 3831 a
707 3784 732 3835 S.
740 3783 856 3832 -lmus
864 3783 979 3829 Praesens
988 3772 1022 3824 ud
1031 3790 1125 3841 urgen-

87 3865 139 3928 nio,
156 3879 182 3916 et
199 3865 264 3918 dicit
278 3873 446 3918 exauctorari
465 3867 583 3934 ejusde·
627 3851 1123 3940 drrm'biv.pariemphasilib.XllVll:

87 3941 145 3994 bere
155 3945 268 4010 lamam,
279 3945 352 4016 quod
360 3946 393 3997 de
401 3945 473 3998 bello
478 3943 581 4014 judicat
624 3936 642 3988 'u
652 3941 723 4008 Quin
732 3942 811 4002 imus,
819 3937 916 4006 inquit,
924 3932 975 4002 ipsi
983 3947 1043 3980 cum
1051 3947 1126 3999 equi·

87 4023 185 4076 virtutis
192 4026 308 4098 ignarus.
318 4056 352 4066 -
361 4027 429 4096 Quid
437 4025 524 4078 vivida
532 4024 580 4076 vir*
628 4021 699 4098 tibus
711 4020 806 4094 paucis
816 4008 999 4088 exploratum?
1009 4029 1020 4052 a
