2720 4588
234 344 298 410 230
397 281 410 302 ’
560 323 941 400 commercaris

272 464 341 541 456.
348 463 455 524 Talem
465 462 580 520 AEneau
592 455 689 539 finge3
704 460 821 518 etenim
831 459 958 518 nimbus
970 458 1079 522 AEness
1093 475 1138 522 est
1152 485 1161 521 :
1183 481 1220 522 ex
1233 460 1279 521 ef·
1343 521 1346 538 ι

157 543 161 548 ’
233 553 320 614 fectis
334 555 473 636 primum
488 546 554 631 jam
570 547 727 629 praecessit
747 548 780 606 in
799 545 877 624 illis,
895 545 1063 632 §olidusque
1075 571 1127 632 per
1146 552 1207 609 imo
1228 571 1280 609 cu-

232 645 323 702 currit
333 643 405 702 Ossa
415 652 532 712 tremor,
545 635 616 696 ideo
633 636 720 695 euim
733 636 768 694 in
780 639 1013 718 comparatione
1029 652 1150 720 postea,
1165 637 1279 698 horres-

233 744 305 790 cunt
320 729 408 792 cordo
418 723 568 809 cuneolis.-
588 723 720 784 alterum
744 726 885 806 sequitru
905 728 937 785 in
957 726 1106 803 cordibus,
1124 745 1193 808 quae
1210 724 1279 806 jorn

196 875 203 890 ,
233 817 465 889 describuntur3
478 835 552 874 nam
563 810 785 894 Thymbraeus,
802 813 997 890 Mnestheus,
1012 815 1159 891 Achates,
1175 815 1281 896 Gyas,

233 906 359 988 Trojaui
392 924 522 978 omnes,
551 903 676 962 cadunt
702 903 835 980 Osirim,
856 903 1052 981 Archetium,
1080 904 1281 988 Epulonem,

231 994 397 1071 Ufentem,
408 1013 517 1053 omnes
528 989 660 1052 Rutulos
672 1014 679 1050 ι
693 989 730 1050 fn
740 993 834 1052 etiam
848 991 1014 1074 peculiaris
1024 995 1141 1053 montio
1150 991 1284 1052 Tolum-

233 1086 279 1158 nii
295 1086 437 1166 auguris,
450 1083 503 1164 qni
518 1079 645 1156 cecidit,
660 1079 755 1140 veluti
768 1083 802 1140 in
817 1101 943 1164 poenam
956 1080 1125 1142 disturbati
1136 1078 1282 1153 foederis,

232 1194 331 1255 quum
344 1177 463 1256 primus
476 1171 597 1232 hastam
613 1171 701 1230 torsit
713 1172 748 1231 in
758 1173 919 1252 Trojanos.

273 1261 341 1337 462.
362 1265 443 1322 Hinc
459 1261 580 1322 clamor
598 1260 755 1336 sublatus,
773 1260 861 1342 quod
874 1281 993 1320 necesse
1008 1262 1042 1320 iu
1063 1274 1150 1320 tauta
1171 1277 1282 1318 rerum

233 1351 461 1432 trepidatione,
472 1365 504 1410 et
517 1348 625 1410 Rutuli
638 1352 718 1410 versi
731 1351 764 1408 in
776 1349 882 1432 lugam
897 1351 1084 1431 praetimore
1099 1347 1285 1407 advolantis

231 1440 348 1513 AEneae,
363 1441 460 1500 instar
474 1439 609 1498 turbinis
623 1460 630 1496 :
643 1437 761 1499 accedit
772 1458 877 1498 comes
889 1437 971 1520 fugae
983 1436 1101 1520 pulvis3
1114 1435 1186 1496 ideo
1199 1449 1284 1517 terqa

230 1525 442 1608 pulverulenta.

275 1615 346 1691 462.
365 1618 401 1674 ln
414 1635 622 1698 personarum
639 1613 751 1673 decoro
772 1614 922 1674 servando
940 1633 1072 1696 magnus
1091 1633 1214 1694 semper
1236 1625 1285 1672 est

233 1705 402 1785 Virgilius:
416 1726 507 1786 ergo,
523 1724 621 1786 quum
636 1701 689 1761 alii
704 1703 798 1762 duces
808 1702 1078 1786 hostemquisque
1092 1701 1224 1763 obvium
1234 1705 1284 1762 in-

232 1794 400 1868 terficeret,
416 1797 481 1874 ipse
500 1792 581 1850 nihil
600 1812 653 1852 eos
674 1790 839 1872 dignatur,
858 1795 978 1852 etiamsi
997 1793 1102 1853 videat
1120 1804 1229 1853 contra
1249 1813 1283 1851 se

233 1879 326 1960 dirigi
335 1883 470 1961 equites,
482 1877 801 1960 pedites,teleomnia
810 1903 816 1937 :
825 1883 1131 1955 cunctacontemnit,
1141 1894 1282 1940 etonem

232 1979 356 2026 tantum
367 1968 478 2046 quaerit
484 1967 636 2052 Turnum,
647 1979 683 2022 ut
694 1965 799 2039 fortis,
810 1981 846 2030 ut
858 1965 1036 2047 religiosus:
1049 1981 1085 2027 ut
1093 1968 1197 2035 fortis,
1206 1968 1284 2052 quia

233 2057 345 2137 quaerit
355 2054 477 2114 hostem
484 2054 660 2134 digniorem
669 2053 1016 2137 honestioremqueprae
1024 2055 1106 2116 aliis:
1116 2055 1283 2138 utreligio·

233 2165 302 2219 sue,
313 2146 387 2236 quia
395 2158 522 2204 cautum
532 2142 737 2222 eratfoedere‚
750 2143 856 2205 utduo
870 2144 916 2204 illi
927 2159 1049 2206 tantum
1060 2157 1283 2208 concurrerent

234 2233 387 2313 singulari
397 2255 518 2316 pugna,
529 2231 726 2295 multitudini
740 2247 926 2316 parceretur.

272 2319 340 2398 468.
364 2325 544 2384 Memineris
568 2325 867 2406 supramaudetum
887 2327 1030 2386 Juturnae
1049 2346 1067 2384 a
1084 2325 1226 2395 lunone,
1245 2333 1282 2380 ut

231 2411 373 2470 Turnum
387 2413 484 2472 morti
499 2413 647 2492 criperet3
665 2411 712 2471 vel
724 2413 792 2492 ipsa
805 2411 888 2474 bella
904 2415 1014 2487 cieret,
1025 2426 1078 2473 aut
1089 2426 1120 2472 tu
1129 2409 1207 2471 bella
1218 2415 1280 2470 cie.-

233 2520 307 2580 ergo
316 2498 377 2562 hoc
390 2501 565 2584 adimplens
579 2515 786 2584 preceptum,
797 2507 862 2586 ipsa
872 2503 991 2564 bellum
1001 2503 1281 2582 administra13ipsa

232 2587 310 2648 subit
320 2590 352 2648 in
362 2610 506 2665 currum,
517 2610 640 2650 excusso
649 2593 781 2652 Matisco
790 2595 898 2674 auriga
910 2593 1006 2652 aredio
1015 2595 1090 2654 inter
1100 2590 1175 2664 loru,
1188 2605 1283 2670 atquc

233 2674 301 2754 ipsa
303 2674 402 2756 flectit
416 2675 552 2736 mantem
569 2675 710 2754 habenas,
726 2693 756 2741 et
774 2681 916 2742 undantes
937 2682 998 2755 ait,
1021 2682 1100 2761 quia·
1114 2691 1279 2740 commotae

232 2761 390 2822 undarum
409 2765 508 2825 modo
526 2765 696 2827 flectuntur
709 2791 718 2828 τ
732 2770 863 2830 demum
882 2772 916 2830 in
931 2769 1077 2830 omnibus
1094 2769 1224 2828 Metisco
1236 2779 1282 2827 est

232 2851 342 2911 similis
354 2873 443 2928 voce,
455 2875 601 2938 corpore,
613 2859 722 2918 armis.

270 2939 340 3021 47&
362 2939 497 3003 Adhibet
519 2947 790 3026 comparationem
809 2948 1025 3030 aptissimam:
1046 2947 1125 3008 solet
1141 2942 1282 3006 hirundo

232 3101 331 3154 volunt.
341 3102 394 3154 rul.
404 3101 471 3156 Seal.
480 3103 541 3167 v33
551 3127 557 3156 :
569 3127 581 3152 u
590 3107 734 3174 Quomodo
814 3109 874 3176 468.
881 3111 949 3172 Hoc5
957 3111 1064 3183 oblong.
1072 3107 1132 3161 cod.
1141 3107 1216 3160 lliuc:
1224 3105 1279 3171 alii,

231 3182 353 3234 nimbum
366 3183 521 3236 antevolant
531 3188 617 3252 venti,
628 3186 734 3239 siillum
779 3187 841 3242 loec.
850 3221 884 3230 -
893 3191 999 3264 Viraqo,
1013 3190 1110 3242 dicitur
1119 3187 1214 3240 mulier
1223 3203 1280 3257 que

230 3261 389 3332 impellunt?
408 3265 471 3333 quia
492 3264 599 3318 nimbus
619 3269 734 3318 crassior
778 3269 855 3322 virile
866 3270 962 3341 implet
973 3269 1104 3334 officium,
1119 3267 1148 3320 id
1160 3281 1214 3332 est,
1224 3283 1281 3316 mu·

232 3358 278 3392 aer
292 3352 347 3392 ests
360 3342 451 3412 itaque
463 3355 558 3396 ventus
571 3355 600 3396 et
609 3359 685 3417 pose,
707 3359 733 3398 et
778 3347 828 3400 lier
845 3367 903 3420 quse
919 3351 970 3400 riri
987 3350 1104 3400 animum
1118 3345 1217 3400 habet:
1233 3345 1280 3398 has

232 3432 307 3485 aute,
327 3432 353 3472 et
370 3435 434 3471 curn
444 3421 528 3474 illut
546 3423 580 3475 Et
593 3425 685 3476 volunt
699 3425 733 3478 de
779 3428 882 3498 antiqui
896 3428 963 3480 virus
974 3426 1108 3478 dicebant.
1121 3427 1192 3479 Sero.

230 3500 325 3562 venus,
335 3499 412 3569 poesi
421 3503 590 3570 grataovid.
599 3505 678 3556 Trisr.
687 3506 733 3571 m,
814 3506 875 3574 473.
884 3507 977 3577 Niqru.
985 3503 1057 3556 Audi
1065 3504 1133 3556 Soal.
1145 3507 1218 3556 Poet.
1226 3503 1280 3571 ffl,

234 3595 279 3642 ro,
302 3577 336 3629 de
354 3579 452 3644 Borea,
478 3584 603 3652 .jactatis
627 3586 734 3637 insonet
780 3599 827 3652 27,
849 3581 950 3655 «nigra
963 3582 1080 3634 hirundo
1098 3583 1133 3636 ad
1150 3583 1281 3654 differan-

134 3678 140 3687 ¹
230 3658 358 3710 alistret
370 3656 404 3708 de
415 3657 606 3715 Notollletam.
620 3665 734 3732 l,rma-
778 3665 843 3714 tiam
857 3663 1031 3733 ripariarum,
1047 3681 1106 3734 quar
1121 3665 1226 3734 species
1243 3674 1280 3715 est

231 3735 300 3787 didis
313 3735 402 3788 evolat
415 3737 464 3790 alis
475 3763 486 3786 »
498 3762 504 3791 ι
518 3753 545 3793 et
556 3747 671 3795 centeni.
686 3747 712 3796 c,
776 3739 928 3792 hirundinis
941 3759 996 3792 non
1006 3744 1102 3816 nigra,
1119 3761 1208 3814 neque
1220 3742 1281 3794 aedi-

265 3813 325 3880 456.
338 3814 417 3868 Talis.
427 3818 542 3886 Taliter,
553 3821 632 3874 simili
640 3823 734 3876 modo..
777 3819 828 3870 bus
838 3832 957 3873 assuete.
969 3845 980 3869 n
994 3823 1062 3874 Hinc
1074 3824 1188 3875 fortasse
1198 3835 1225 3874 et
1233 3823 1280 3874 Pe·

229 3893 272 3945 stc
288 3893 371 3964 paulo
389 3909 465 3964 post,
492 3900 607 3952 usimilis
629 3902 732 3956 medios
778 3902 880 3953 cronius
898 3900 978 3968 dixit,
999 3902 1125 3956 «urbana
1139 3905 1279 3966 Procnen,

229 3973 344 4026 iuturus
355 3973 514 4045 perhorres.
527 4000 538 4025 n
551 3977 730 4033 -ntoesesus
777 3999 839 4032 eum
862 3980 1015 4036 discrimine
1040 3983 1074 4038 ael
1101 3985 1229 4058 ripariam
1253 3993 1279 4034 et

228 4051 732 4127 Trojanus,apremontorio'l'roimd
778 4071 918 4133 aaronem.
934 4063 1021 4116 Corda.
