2654 4590
246 293 288 374 64
385 286 705 354 couuauman.
719 283 764 348 lu
779 282 975 349 nualnos
991 283 1070 347 ma
1087 285 1142 348 rx.

247 409 462 472 intercluditur
479 406 633 466 anhelitus
652 405 737 466 fessis
755 405 900 480 artubus,
919 419 1010 486 atque
1027 405 1176 488 adempta
1192 419 1317 488 potes-

247 515 309 564 tate
322 497 502 580 respirandi.

287 592 355 651 815.
376 589 508 670 Magnus
527 607 646 667 semper
659 585 823 666 Virgilius,
846 597 876 644 et
892 582 941 644 hic
959 587 1130 645 maximus:
1153 588 1315 667 excogita

249 679 301 760 qui
317 679 452 759 potuerit
465 677 562 734 'l'urni
575 678 719 734 virtutem
735 694 827 754 supra
843 673 1004 733 mortalem
1019 693 1105 754 paene
1118 672 1252 747 facere,
1278 685 1313 732 et

247 766 367 826 videbis
386 763 464 824 nihil
486 763 545 822 dici
566 763 713 843 grandius
733 782 829 842 posse.
856 764 962 822 Fessus
980 774 1043 820 erat
1064 761 1246 842 pugnando
1271 782 1311 820 ac

248 853 345 912 fenne
357 853 421 912 sine
436 849 590 924 anhelitu,
605 850 814 931 fatigatusque
830 870 845 906 a
864 861 912 908 tot
927 848 1065 908 millibus
1081 847 1248 908 hostium:
1274 862 1312 907 et

247 955 352 1001 tamen
365 942 443 1000 vires
455 938 611 999 sufficiunt
624 938 662 997 ad
675 957 834 998 enormem
849 958 865 996 e
881 938 976 996 muris
991 937 1122 1010 saltum,
1137 950 1169 996 et
1183 938 1222 996 in
1237 935 1306 994 flu-

249 1031 351 1102 vium,
362 1041 471 1095 etcum
482 1029 574 1086 armis
585 1049 591 1083 ι
609 1030 759 1107 pugnavit
770 1027 872 1104 itaque
882 1045 950 1084 curn
963 1045 1050 1103 aquis
1061 1023 1221 1096 natando,
1233 1045 1308 1082 non

249 1117 379 1178 obrutus
389 1137 547 1176 armorum
556 1115 703 1197 pondere.
713 1116 833 1175 Desinit
842 1114 990 1194 Virgilius
998 1134 1148 1194 perquam
1160 1115 1306 1193 poetice,

248 1221 463 1290 repraesentata
472 1207 599 1288 Tyberis
609 1206 772 1266 festivitate
783 1208 815 1264 in
829 1202 1009 1284 excipiendo
1021 1205 1146 1278 Turno,
1160 1202 1305 1282 amplec-

249 1296 357 1370 tendo,
372 1295 556 1370 attollendo,
571 1293 745 1370 abluendo,
759 1292 957 1354 remittendo.

284 1455 343 1509 816.
360 1455 411 1506 Ille
424 1474 469 1507 suo
483 1474 541 1506 eum
551 1453 744 1530 purpiteflapo.
784 1453 854 1527 fuga
867 1466 892 1505 et
900 1453 1007 1526 jugere,
1020 1471 1075 1503 non
1085 1470 1193 1522 semper
1205 1451 1235 1502 in
1247 1469 1300 1522 op-

248 1536 433 1608 Hysterologia
451 1547 504 1601 est,
524 1553 605 1605 quum
622 1533 666 1585 ille
685 1553 744 1585 eum
790 1535 947 1606 probriutn,
969 1531 1014 1584 sed
1035 1551 1084 1603 pro
1105 1532 1189 1584 celeri
1214 1550 1300 1582 cursu

248 1618 366 1686 excepit:
386 1633 441 1665 non
460 1616 530 1666 enim
549 1613 671 1684 procedit
686 1632 745 1664 cum
790 1633 859 1684 saepe
878 1615 994 1685 ponitur.
1020 1613 1130 1682 Sumpta
1150 1628 1218 1662 vero
1237 1609 1297 1660 haec

151 1753 154 1761 ,
247 1713 292 1746 suo
304 1694 420 1766 gurgite,
441 1695 517 1763 quasi
534 1705 625 1764 posset
642 1691 699 1744 lieri
717 1705 746 1742 ut
791 1689 1158 1764 figuraexhistoriaCoclitis,
1171 1691 1300 1759 qni‚res-

248 1793 309 1826 eum
319 1773 430 1845 Tyberis
447 1774 503 1824 sine
516 1775 570 1823 suis
582 1771 687 1824 fluentis
700 1790 746 1822 ex·
793 1775 861 1824 cisso
876 1791 890 1823 a
903 1784 977 1843 tergo
990 1782 1071 1841 ponte
1083 1768 1219 1833 Sublicio,
1233 1787 1297 1819 cum

248 1856 358 1924 ciperet.
369 1852 436 1904 Sane
448 1866 569 1923 quarunt
576 1853 651 1903 multi
664 1870 746 1922 quum
792 1855 871 1904 armis
882 1872 910 1905 se
922 1855 950 1903 in
962 1851 1070 1902 lluvium
1084 1849 1173 1914 dedit,
1189 1848 1295 1900 incolu-

248 1931 358 2004 Tyberis
369 1934 456 1984 AEneae
467 1934 568 1998 faveat,
587 1949 634 1983 cur
646 1930 745 1984 libera·
772 1933 775 1946 ¹
791 1935 894 2003 misque
908 1931 943 1984 ad
958 1948 1019 1983 suos
1034 1931 1160 2004 enatavit.
1178 1929 1248 1979 Pier.

248 2013 315 2064 verit
336 2013 469 2062 Turnum:
493 2011 541 2063 sed
563 2011 674 2062 solvitur
696 2012 747 2062 ista
826 2013 886 2064 818.
906 2010 1008 2062 Attum
1025 2009 1099 2062 crede.
1121 2009 1234 2062 Veteres
1251 2007 1293 2059 illi

250 2092 384 2152 oratione;
400 2091 435 2142 ob
447 2090 499 2142 hoc
511 2092 631 2142 Turnum
643 2107 700 2141 esse
713 2089 746 2140 li·
791 2091 861 2144 crede
874 2092 1048 2144 contaminati
1061 2108 1131 2160 aqua
1142 2107 1171 2140 se
1182 2089 1292 2140 abluere

249 2171 385 2236 beratum,
406 2182 435 2221 ut
454 2173 539 2240 major
557 2172 644 2222 AEneae
661 2169 747 2241 gloria
791 2184 817 2224 et
825 2170 965 2242 purificare
973 2169 1291 2233 solebant:etRomanis‚

250 2263 405 2302 servaretur.
424 2249 477 2301 Alii
492 2249 600 2302 tradunt
617 2249 650 2300 de
666 2248 747 2319 Tybri
790 2262 852 2322 post
871 2251 1009 2313 victorias,
1029 2250 1174 2300 exercitum
1192 2247 1226 2298 ad
1244 2266 1291 2299 ex-

251 2330 297 2402 qni
309 2329 396 2381 AEneae
408 2331 494 2394 favet,
504 2347 576 2380 nune
587 2328 707 2379 Turnum
719 2329 747 2377 in
791 2327 1023 2399 piandamcaedem
1034 2327 1161 2392 lustrare,
1172 2327 1290 2379 solemne

248 2410 361 2460 lunonis
372 2411 485 2481 gratiam
497 2427 553 2462 esse
566 2421 706 2461 servatum.
719 2409 745 2460 S.
792 2420 864 2462 erat:
884 2421 913 2459 ut
929 2419 1005 2460 notat
1022 2407 1138 2460 Turneb.
1158 2407 1244 2474 XXII,
1263 2425 1287 2476 7.

284 2490 343 2558 817.
354 2488 461 2560 Accepit
470 2490 621 2540 venientem.
633 2491 663 2540 ln
677 2489 747 2540 anti·
791 2490 930 2562 Ingeniose
938 2490 1026 2560 igitur,
1032 2500 1113 2558 atque
1119 2486 1289 2553 adeofaccte,

250 2571 309 2639 quis
317 2569 450 2640 plerisque
459 2568 596 2621 codicibus
599 2569 747 2640 fugientem
793 2568 866 2640 quod
888 2569 1052 2621 necessitatis
1071 2578 1141 2630 erat,
1168 2565 1287 2636 religioni

251 2650 396 2717 repositum
405 2648 439 2699 ab
446 2649 492 2711 iis,
501 2649 547 2717 qui
554 2650 623 2718 fugae
631 2646 746 2699 dedecus
792 2648 883 2700 tribuit
893 2661 981 2719 poeta.
992 2645 1059 2698 Vide
1069 2658 1094 2698 et
1104 2648 1161 2698 AEn.
1173 2647 1209 2710 ll,
1221 2661 1285 2714 719,

251 2726 386 2779 noluerint
394 2727 484 2778 Turno
495 2727 606 2780 illatum.
618 2726 669 2780 sed
677 2729 747 2780 enim
793 2727 898 2780 «donec
907 2747 948 2780 me
958 2726 1132 2780 fluminevivo
1141 2724 1283 2776 abluero„
