2654 4590
281 273 335 336 IN
358 273 594 340 AENEIDOS
617 275 710 340 LIB.
735 279 798 343 IX.
1010 287 1056 367 [61

15 429 16 450 t
64 395 120 474 766.
132 397 209 456 Ecce
219 416 326 456 novus
335 396 433 454 'lurni
446 395 552 454 furor:
566 399 734 458 nescierant
746 405 799 480 qui
811 403 844 462 in
856 423 946 464 muro
958 424 1059 486 erant,

37 478 135 544 hostem
145 506 209 545 esse
220 486 308 546 intra
322 485 457 544 moenia:
474 485 598 544 advolat
611 487 684 546 illuc
694 489 797 548 subito
809 493 947 571 Tamus,
962 511 992 556 et
1003 521 1060 560 cae-

36 569 170 648 femedir,
190 574 379 654 multosque
391 572 542 656 interficit.
559 577 661 634 Movet
674 577 708 634 in
724 596 850 639 excursu
867 596 958 661 poeta
976 590 1061 648 varia

36 671 55 716 et
66 658 146 740 plena
162 660 318 721 dolorum
336 665 422 723 πάθηι
444 659 544 740 jaina
563 661 685 737 multis,
707 671 761 742 qui
780 666 871 725 simul
891 670 1061 750 interfecti,

37 747 99 823 quod
108 749 327 829 spectaculum
342 748 445 806 dirum
459 760 502 808 est
514 771 520 806 ι
533 748 600 827 jam
611 771 628 808 a
640 749 736 808 modo
749 753 874 830 mortis,
887 769 920 813 ut
933 759 965 816 in
978 761 1061 841 Lyn·

37 853 88 910 ceo,
100 839 145 896 cui
160 854 260 920 caput
276 859 426 898 unacum
440 839 527 918 galea
544 853 758 919 amputatum:
774 837 838 920 jam
856 865 874 902 a
890 848 998 926 peritia
1013 872 1062 910 ar·

36 923 107 999 tium,
120 941 153 985 ut
167 929 202 986 in
217 931 361 1009 Amyco:
380 939 424 987 est
435 928 519 986 euim
531 925 707 986 miserabile
723 931 924 1008 peritissimos
939 937 971 994 in
984 959 1061 1017 qua.

37 1012 104 1072 visre
118 1015 251 1076 artifices
268 1017 390 1098 perire:
411 1016 461 1075 sed
474 1017 666 1097 praecipuum
677 1022 756 1084 πάθος
769 1021 904 1098 positum
918 1026 950 1082 in
962 1042 1061 1088 morte

37 1098 125 1177 Cruci,
138 1105 188 1162 cui
201 1105 306 1162 Musae
318 1101 435 1178 charte,
451 1117 480 1162 et
493 1104 547 1185 qui
558 1107 622 1184 ipse
633 1104 729 1162 Musis
741 1101 849 1166 charus
861 1129 867 1164 :
881 1111 929 1168 cui
942 1131 1061 1194 semper

37 1187 135 1250 cithare
147 1193 180 1251 in
194 1195 324 1267 animo,
345 1193 483 1266 numeri,
502 1194 606 1268 nervi,
626 1194 712 1274 equi,
729 1213 830 1270 arma,
846 1217 976 1277 pugnes:
997 1217 1062 1263 erat

37 1277 97 1335 enin
108 1279 178 1338 felix
191 1283 226 1340 in
240 1279 358 1340 harum
371 1302 475 1340 rerum
491 1293 593 1340 cantu.

64 1370 119 1447 778.
134 1369 325 1430 Praeclarum
337 1375 449 1450 πρέπον,
469 1381 499 1428 et
513 1381 654 1428 notatum
665 1367 729 1450 jam
743 1371 863 1448 Servio,
881 1394 920 1434 ne
933 1377 1063 1456 p'raesen·

37 1450 98 1514 tibus
110 1455 241 1518 ducibus
255 1472 307 1518 tot
319 1473 435 1540 strages
447 1457 552 1518 fecisse
565 1459 705 1518 videatur
716 1461 856 1520 Turnus:
873 1461 942 1524 ideo
958 1467 1063 1548 itaque

37 1544 117 1606 abesse
135 1547 320 1631 finguntur,
343 1550 395 1610 sed
415 1551 607 1610 conveniunt
625 1550 706 1610 caede
727 1551 849 1627 audita3
870 1553 978 1616 vident
995 1573 1083 1624 tum(

37 1639 246 1718 suospallidos,
260 1653 291 1699 et
302 1639 470 1722 fugientes:
483 1653 550 1698 tum
560 1637 680 1698 hostem
689 1634 907 1718 exsultantem,
920 1657 949 1704 ct
961 1667 1062 1730 recep-

37 1737 85 1782 tum
96 1728 170 1788 intra
181 1731 317 1790 moenia.

66 1818 121 1894 781.
136 1820 284 1900 Sequitur
294 1821 395 1880 oratio
407 1818 560 1880 Mnesthei
570 1820 757 1897 continentis
767 1841 837 1880 suos
850 1843 868 1880 a
879 1823 969 1905 fuga3
985 1825 1059 1888 hor·

39 1906 110 1963 tantis
120 1907 156 1965 ad
170 1908 315 1969 bellum:
330 1923 366 1968 ut
379 1911 553 1984 contineat,
572 1913 778 1970 necessitatem
791 1909 914 1989 objicit3
936 1929 971 1974 ut
986 1914 1061 1980 hor·

39 2004 113 2069 tuus,
129 1987 305 2078 pudorem:
328 2019 419 2080 ergo,
439 2021 505 2058 non
524 2000 649 2080 potestis
665 1999 786 2082 fugere,
808 2003 925 2062 etiamsi
942 2004 1060 2066 velitis:

39 2089 153 2163 namqui
166 2086 259 2146 vobis
274 2099 420 2168 praeterea
432 2087 536 2148 muri?
554 2109 622 2171 quae
634 2087 750 2148 mcenia
762 2088 822 2148 alia
835 2089 874 2148 ad
885 2095 1064 2173 receptum?

40 2231 64 2283 de
75 2235 171 2288 Pallade
183 2259 189 2287 ι
203 2234 275 2303 uiroc
285 2234 362 2304 &uuir
375 2237 461 2309 ἐγείρει.
478 2240 516 2291 ld.
599 2257 658 2310 771.
674 2242 738 2292 Cum
750 2239 826 2312 palea
841 2239 917 2314 Ιοηρε
919 2246 1008 2314 jacuit
1018 2265 1062 2297 ca-

40 2311 81 2362 la'u
88 2311 147 2376 μενος
159 2316 198 2366 ω’
210 2314 306 2386 θάρσος.
560 2331 618 2391 put.
631 2319 673 2370 Ad
686 2319 883 2389 exprimendam
898 2322 1061 2376 celeritatem

65 2393 114 2462 767.
129 2395 344 2470 Alcandrumque
358 2397 521 2471 Haliumque
563 2399 698 2470 praeterito
715 2417 777 2448 usus
797 2411 836 2450 est
855 2411 992 2470 tempore:
1012 2422 1062 2472 po·

42 2473 202 2550 Noemonaque
209 2480 411 2550 Prytanimque.
423 2481 519 2532 llome-
563 2479 645 2529 tuisse
658 2488 746 2528 autem
759 2477 840 2546 caput
849 2495 910 2528 cum
918 2479 995 2550 galea
1004 2481 1062 2531 lon-

42 2552 518 2628 destruens,tantumconjunctioue
563 2575 596 2628 ge
618 2556 688 2625 jaci,
712 2556 847 2626 praemissa
869 2555 923 2608 loci
948 2558 1061 2610 altitudo

43 2645 121 2686 mutata
129 2657 134 2686 :
143 2633 284 2706 'Amrdpa'r
296 2637 322 2687 θ’
333 2630 410 2691 “Andr
422 2659 447 2690 rt
458 2635 520 2690 Nus'-
563 2634 701 2708 signilicat.
714 2636 784 2688 Serv.

40 2710 86 2770 tud
95 2733 116 2763 rs
127 2715 241 2782 nptmtv
254 2737 297 2768 rs:
317 2716 395 2769 Unde
409 2731 520 2788 apparet
600 2716 659 2786 773.
674 2717 833 2788 Ferrumque
845 2735 945 2771 annuns
956 2739 1062 2778 veneno.

42 2805 82 2839 non
91 2791 120 2843 ad
127 2793 283 2860 historiam,
294 2795 342 2848 sed
351 2795 386 2848 ad
396 2809 520 2848 ornatum
564 2795 688 2866 Speciose
703 2795 804 2848 dictum
818 2799 936 2848 annabat
942 2799 1061 2869 fenum,

43 2875 147 2937 poematis
155 2875 210 2928 haec
221 2877 335 2928 nomina
342 2877 483 2946 pertinere.
491 2877 518 2928 S.
565 2895 618 2946 quo
635 2893 684 2926 nos
700 2878 797 2926 armari
812 2879 1014 2927 consuevimus:
1033 2891 1063 2929 ut

69 2951 117 3016 768.
138 2955 298 3007 Tendentem
319 2966 415 3006 contra.
437 2957 468 3006 ln
491 2973 519 3007 se
564 2973 596 3008 ex
609 2968 740 3006 venenato
756 2955 828 3004 ferro
841 2953 1022 3006 vehementius
1037 2969 1064 3008 et

43 3027 161 3085 facientem
168 3037 308 3108 impetum.
319 3037 459 3086 -Dexten
467 3035 519 3099 An,
564 3035 739 3107 perniciosius
747 3032 842 3084 vulnus
851 3033 892 3082 sit.
903 3033 929 3084 S.
939 3061 972 3070 -
980 3035 1064 3086 Notat

44 3109 100 3175 quod
110 3114 140 3164 ab
151 3129 229 3185 parte
242 3115 350 3166 dextera
359 3113 463 3165 hostem
475 3133 521 3165 oc·
565 3113 675 3182 Quintil.
690 3115 762 3178 Vlll‚
775 3113 804 3177 6,
816 3130 843 3181 p.
859 3111 924 3180 473,
940 3109 1072 3182 duplica-'

45 3194 158 3257 cupiverit
176 3195 302 3244 Turnus?
317 3193 358 3243 Au
375 3192 463 3242 dexter
476 3192 520 3243 hic
566 3208 620 3245 tarn
642 3211 699 3244 esse
722 3191 911 3243 tralationem:
938 3209 1063 3244 “armare

45 3279 84 3330 cst,
98 3270 224 3325 industria
236 3271 353 3342 quadam
365 3271 520 3322 dexteritate
565 3274 664 3325 ferrum
677 3293 704 3334 ’¹3
716 3284 755 3335 et,
771 3287 894 3320 «armare
906 3287 1041 3322 venenat

46 3343 204 3419 inpugnando
219 3353 297 3402 aceri
310 3349 440 3401 Pindarus
451 3351 522 3402 enim
602 3353 862 3422 777.Semperequos.
871 3350 939 3402 Laus
947 3349 1063 3404 hominis

46 3420 129 3496 Olpnp.
150 3430 193 3482 od.
221 3430 278 3493 lX,
315 3428 521 3499 Epharmostum
566 3429 639 3502 quod
651 3443 753 3481 tantum
763 3429 892 3478 Musicam
902 3447 956 3479 non
968 3427 1001 3480 ad
1011 3443 1065 3482 tur-

48 3516 93 3550 cau
108 3504 196 3560 laudat
214 3505 309 3574 εὔχειρα
330 3506 462 3577 appellat,
481 3502 521 3556 nui
565 3529 612 3580 pes
626 3523 714 3572 actus,
726 3506 773 3558 sed
783 3505 866 3558 adres
875 3508 1064 3579 egregiumam-

47 3577 161 3647 ltltipuu,
173 3585 262 3652 idest,
271 3597 422 3658 promptum
430 3604 520 3650 manu,
565 3588 678 3640 hiberet.
691 3587 786 3636 Donat.

48 3664 229 3716 elmenlmmm
242 3665 392 3716 dexteritate
400 3675 522 3734 preston·
603 3669 635 3736 78
643 3683 662 3716 r.
678 3665 733 3733 Quo
743 3664 835 3720 deinde
840 3663 946 3737 jupam.
958 3666 1065 3718 Autva-

48 3745 94 3788 em.
104 3742 140 3794 An
151 3743 271 3810 demum,
284 3743 345 3796 ideo
358 3743 446 3795 dexter
455 3745 521 3794 Tur·
567 3744 1064 3815 cardeinde,utsaepetandemffintium,

49 3834 98 3883 ¹1⁰⁸,
113 3823 182 3894 quod
198 3825 262 3877 felix
277 3825 348 3876 illius
367 3826 522 3876 successus?
566 3827 699 3896 locorum:
723 3837 769 3877 aut
787 3825 957 3897 intelligimus
976 3842 1063 3880 mente

48 3896 128 3953 Felicia
147 3907 213 3957 enirn
234 3905 288 3957 dici
312 3905 413 3969 dextra,
435 3906 523 3956 sciunt
566 3925 627 3959 eum
647 3917 787 3971 tractasse,
812 3905 884 3976 quod
907 3903 941 3955 de
962 3907 1063 3978 campis

27 4004 30 4012 ¹
49 3991 133 4049 ¹eiures,
143 3997 171 4036 ut
181 3987 282 4039 sinistra
294 3984 421 4038 infelicia,
432 3985 520 4038 Cerda.
566 3986 662 4038 milites
670 3985 757 4038 solent
766 3984 801 4036 ad
809 3996 896 4037 castra
903 3983 1064 4054 confugere:
